@misc{Zuliani08a,
    author={M. Zuliani},
    title={RANSAC toolbox for Matlab},
    URL={https://github.com/RANSAC/RANSAC-Toolbox},
    year={Nov. 2008},
}

@inproceedings{ho2008optical,
  title={Optical flow estimation using Fourier Mellin transform},
  author={Ho, Huy Tho and Goecke, Roland},
  booktitle={Computer Vision and Pattern Recognition, 2008. CVPR 2008. IEEE Conference on},
  pages={1--8},
  year={2008},
  organization={IEEE}
}

@INPROCEEDINGS{Levin2011, 
author={A. Levin and B. Nadler}, 
booktitle={Computer Vision and Pattern Recognition (CVPR), 2011 IEEE Conference on}, 
title={Natural image denoising: Optimality and inherent bounds}, 
year={2011}, 
pages={2833-2840}, 
keywords={Bayes methods;image denoising;least mean squares methods;MMSE;generic natural image;natural image denoising algorithms;optimal Bayesian minimum mean square error;pixel denoising;Approximation methods;Image denoising;Noise measurement;Noise reduction;PSNR;Upper bound}, 
doi={10.1109/CVPR.2011.5995309}, 
ISSN={1063-6919}, 
month={June},}

@inproceedings{knaus2013dual,
  title={Dual-domain image denoising.},
  author={Knaus, Claude and Zwicker, Matthias},
  booktitle={ICIP},
  pages={440--444},
  year={2013}
}
@article{markovsky2007overview,
  title={Overview of total least-squares methods},
  author={Markovsky, Ivan and Van Huffel, Sabine},
  journal={Signal processing},
  volume={87},
  number={10},
  pages={2283--2302},
  year={2007},
  publisher={Elsevier}
}
@INPROCEEDINGS{Sabater_2012, 
author={N. Sabater and S. Leprince and J. P. Avouac}, 
booktitle={2012 19th IEEE International Conference on Image Processing}, 
title={Contrast Invariant and Affine sub-pixel Optical Flow}, 
year={2012}, 
pages={53-56}, 
keywords={feature extraction;image matching;image reconstruction;image registration;image sequences;motion estimation;stereo image processing;CIAO algorithm;adaptive pixel weighting;affine subpixel optical flow;brightness change;contrast change;contrast invariant optical flow;disparity map extraction;image disparity;stereoscopic image;subpixel image matching algorithm;Accuracy;Adaptive optics;Integrated optics;Optical distortion;Optical imaging;Optical sensors;Robustness;Digital Elevation Model (DEM);Optical flow;affine and contrast invariant;remote sensing;sub-pixel disparity}, 
doi={10.1109/ICIP.2012.6466793}, 
ISSN={1522-4880}, 
month={Sept},}

@INPROCEEDINGS{Rais_2014, 
author={M. Rais and C. Thiebaut and J. M. Delvit and J. M. Morel}, 
booktitle={2014 IEEE International Conference on Imaging Systems and Techniques (IST) Proceedings}, 
title={A tight multiframe registration problem with application to Earth observation satellite design}, 
year={2014}, 
pages={6-10}, 
keywords={convolution;image fusion;image registration;remote sensing;vibrations;Earth observation satellite design;geometric perturbations;image fusion;image registration;microvibrations;multiframe registration problem;online noise estimation;optical flow;temporal convolution;Adaptive optics;Convolution;Estimation;Optical imaging;Satellites;Signal to noise ratio;Cramer-Rao bounds;Earth Observing System;Multiframe Registration;Optical Flow}, 
doi={10.1109/IST.2014.6958436}, 
ISSN={1558-2809}, 
month={Oct},}

@ARTICLE{Argyriou_2007_Video, 
author={V. Argyriou and T. Vlachos}, 
journal={IEEE Transactions on Multimedia}, 
title={Quad-Tree Motion Estimation in the Frequency Domain Using Gradient Correlation}, 
year={2007}, 
volume={9}, 
number={6}, 
pages={1147-1154}, 
keywords={frequency-domain analysis;gradient methods;motion compensation;motion estimation;quadtrees;video signal processing;broadcast-quality digital video applications;embedded coding application;fixed block size phase correlation;frame quadtree decomposition;frequency domain;gradient correlation;motion compensation;motion vectors;performance-complexity characteristics;progressive transmission;quadtree motion estimation;rate distortion characteristics;scene content;Gradient;motion estimation;phase correlation;quad-tree decomposition}, 
doi={10.1109/TMM.2007.898926}, 
ISSN={1520-9210}, 
month={Oct},}

@article {KIRKPATRICK_2008,
author = {KIRKPATRICK, S.J. and DUNCAN, D.D.},
title = {Performance of a gradient-based shift estimator in a spatially sparse data environment: tracking the sub-pixel motion of fluorescent particles},
journal = {Journal of Microscopy},
volume = {232},
number = {1},
publisher = {Blackwell Publishing Ltd},
issn = {1365-2818},
url = {http://dx.doi.org/10.1111/j.1365-2818.2008.02087.x},
doi = {10.1111/j.1365-2818.2008.02087.x},
pages = {64--72},
keywords = {cross-correlation, fluorescence, gradient, matlab, motion, speckle, shift},
year = {2008},
}

@ARTICLE{Goshtasby_1986, 
author={A. Goshtasby and G. C. Stockman and C. V. Page}, 
journal={IEEE Transactions on Geoscience and Remote Sensing}, 
title={A Region-Based Approach to Digital Image Registration with Subpixel Accuracy}, 
year={1986}, 
volume={GE-24}, 
number={3}, 
pages={390-399}, 
keywords={Computer science;Digital images;Error correction;Gravity;Image registration;Image segmentation;Layout;Least squares methods;Optimal control;Satellites;Image registration;control points;least squares error criterion;satellite imagery;subpixel accuracy}, 
doi={10.1109/TGRS.1986.289597}, 
ISSN={0196-2892}, 
month={May},}

@article{Muquit_2006,
 author = {Muquit, Mohammad Abdul and Shibahara, Takuma and Aoki, Takafumi},
 title = {A High-Accuracy Passive 3D Measurement System Using Phase-Based Image Matching},
 journal = {IEICE Trans. Fundam. Electron. Commun. Comput. Sci.},
 issue_date = {March 2006},
 volume = {E89-A},
 number = {3},
 month = mar,
 year = {2006},
 issn = {0916-8508},
 pages = {686--697},
 numpages = {12},
 url = {http://dx.doi.org/10.1093/ietfec/e89-a.3.686},
 doi = {10.1093/ietfec/e89-a.3.686},
 acmid = {1184612},
 publisher = {Oxford University Press},
 address = {Oxford, UK},
 keywords = {3D measurement, stereo vision, phase-based image matching, phase-only correlation, outlier detection},
} 

@article{kumar2011real,
  title={Real-time affine global motion estimation using phase correlation and its application for digital image stabilization},
  author={Kumar, Sanjeev and Azartash, Haleh and Biswas, Mainak and Nguyen, Truong},
  journal={IEEE Transactions on Image Processing},
  volume={20},
  number={12},
  pages={3406--3418},
  year={2011},
  publisher={IEEE}
}

@article{erturk2003digital,
  title={Digital image stabilization with sub-image phase correlation based global motion estimation},
  author={Erturk, S},
  journal={IEEE Transactions on Consumer Electronics},
  volume={49},
  number={4},
  pages={1320--1325},
  year={2003},
  publisher={IEEE}
}

@article{maintz1998survey,
  title={A survey of medical image registration},
  author={Maintz, JB Antoine and Viergever, Max A},
  journal={Medical image analysis},
  volume={2},
  number={1},
  pages={1--36},
  year={1998},
  publisher={Elsevier}
}
@article{letteboer2005brain,
  title={Brain shift estimation in image-guided neurosurgery using 3-D ultrasound},
  author={Letteboer, Marloes Maria Johanna and Willems, Peter WA and Viergever, Max A and Niessen, Wiro J},
  journal={IEEE Transactions on Biomedical Engineering},
  volume={52},
  number={2},
  pages={268--276},
  year={2005},
  publisher={IEEE}
}

@article{tong2015novel,
  title={A novel subpixel phase correlation method using singular value decomposition and unified random sample consensus},
  author={Tong, Xiaohua and Ye, Zhen and Xu, Yusheng and Liu, Shijie and Li, Lingyun and Xie, Huan and Li, Tianpeng},
  journal={IEEE Transactions on Geoscience and Remote Sensing},
  volume={53},
  number={8},
  pages={4143--4156},
  year={2015},
  publisher={IEEE}
}

@article{leprince2007automatic,
author={S. Leprince and S. Barbot and F. Ayoub and J. P. Avouac}, 
journal={IEEE Transactions on Geoscience and Remote Sensing}, 
title={Automatic and Precise Orthorectification, Coregistration, and Subpixel Correlation of Satellite Images, Application to Ground Deformation Measurements}, 
year={2007}, 
volume={45}, 
number={6}, 
pages={1529-1558}, 
doi={10.1109/TGRS.2006.888937}, 
ISSN={0196-2892}, 
month={June},}


@article{Tepper_2014,
author = {Mariano Tepper and Guillermo Sapiro},
title = {A Biclustering Framework for Consensus Problems},
journal = {SIAM Journal on Imaging Sciences},
volume = {7},
number = {4},
pages = {2488-2525},
year = {2014},
doi = {10.1137/140967325},
URL = {http://dx.doi.org/10.1137/140967325},
eprint = {http://dx.doi.org/10.1137/140967325}
}

@INPROCEEDINGS{Magri_2014, 
author={L. Magri and A. Fusiello}, 
booktitle={2014 IEEE Conference on Computer Vision and Pattern Recognition}, 
title={T-Linkage: A Continuous Relaxation of J-Linkage for Multi-model Fitting}, 
year={2014}, 
pages={3954-3961}, 
keywords={image motion analysis;image segmentation;image sequences;video signal processing;J-linkage algorithm;T-linkage;binary preference analysis;continuous generalization;continuous relaxation;fuzzy generalization;motion segmentation;multimodel fitting;outlier rejection;soft generalization;video sequence;Clustering algorithms;Computational modeling;Computer vision;Data models;Estimation;Motion segmentation;Robustness}, 
doi={10.1109/CVPR.2014.505}, 
ISSN={1063-6919}, 
month={June},}

@Inbook{Toldo2008,
author="Toldo, Roberto
and Fusiello, Andrea",
editor="Forsyth, David
and Torr, Philip
and Zisserman, Andrew",
title="Robust Multiple Structures Estimation with J-Linkage",
bookTitle="Computer Vision -- ECCV 2008: 10th European Conference on Computer Vision, Marseille, France, October 12-18, 2008, Proceedings, Part I",
year="2008",
publisher="Springer Berlin Heidelberg",
address="Berlin, Heidelberg",
pages="537--547",
isbn="978-3-540-88682-2",
doi="10.1007/978-3-540-88682-2_41",
url="http://dx.doi.org/10.1007/978-3-540-88682-2_41"
}


@inproceedings{Magri_2015,
	title={Robust Multiple Model Fitting with Preference Analysis and Low-rank Approximation},
	author={Luca Magri and Andrea Fusiello},
	year={2015},
	month={September},
	pages={20.1-20.12},
	articleno={20},
	numpages={12},
	booktitle={Proceedings of the British Machine Vision Conference (BMVC)},
	publisher={BMVA Press},
	editor={Xianghua Xie, Mark W. Jones, and Gary K. L. Tam},
	doi={10.5244/C.29.20},
	isbn={1-901725-53-7},
	url={https://dx.doi.org/10.5244/C.29.20}
}

@ARTICLE{Cheng1995, 
author={Yizong Cheng}, 
journal={IEEE Transactions on Pattern Analysis and Machine Intelligence}, 
title={Mean shift, mode seeking, and clustering}, 
year={1995}, 
volume={17}, 
number={8}, 
pages={790-799}, 
keywords={Hough transforms;convergence;optimisation;pattern recognition;Gaussian kernels;Hough transform;cluster analysis;convergence;gradient mapping;iterations;k-means like clustering algorithms;mean shift;mode seeking;multistart global optimization;shadow kernal;volutionary strategy;Algorithm design and analysis;Clustering algorithms;Computer science;Convergence;Iterative algorithms;Kernel;Surface treatment}, 
doi={10.1109/34.400568}, 
ISSN={0162-8828}, 
month={Aug},}

@article{maintz1998survey,
  title={A survey of medical image registration},
  author={Maintz, JB Antoine and Viergever, Max A},
  journal={Medical image analysis},
  volume={2},
  number={1},
  pages={1--36},
  year={1998},
  publisher={Elsevier}
}
@article{Chin_2012,
 author = {Chin, Tat-Jun and Yu, Jin and Suter, David},
 title = {Accelerated Hypothesis Generation for Multistructure Data via Preference Analysis},
 journal = {IEEE Trans. Pattern Anal. Mach. Intell.},
 issue_date = {April 2012},
 volume = {34},
 number = {4},
 month = apr,
 year = {2012},
 issn = {0162-8828},
 pages = {625--638},
 numpages = {14},
 url = {http://dx.doi.org/10.1109/TPAMI.2011.169},
 doi = {10.1109/TPAMI.2011.169},
 acmid = {2197267},
 publisher = {IEEE Computer Society},
 address = {Washington, DC, USA},
 keywords = {Geometric model fitting, robust estimation, hypothesis generation, residual sorting, multiple structures.},
} 

@ARTICLE{Hoge_2003, 
author={W. S. Hoge}, 
journal={IEEE Transactions on Medical Imaging}, 
title={A subspace identification extension to the phase correlation method [MRI application]}, 
year={2003}, 
volume={22}, 
number={2}, 
pages={277-280}, 
keywords={biomedical MRI;correlation methods;image registration;medical image processing;singular value decomposition;integer pixel displacements identification;limited computational complexity;magnetic resonance imaging;medical diagnostic imaging;noise robustness;noninteger pixel displacement identification;phase correlation method;subpixel phase correlation based techniques;Biomedical imaging;Correlation;Degradation;Fourier transforms;Image registration;Interpolation;Magnetic resonance imaging;Motion estimation;Phase change materials;Phase estimation;Algorithms;Artifacts;Citrus paradisi;Echo-Planar Imaging;Image Enhancement;Image Interpretation, Computer-Assisted;Magnetic Resonance Imaging;Motion;Signal Processing, Computer-Assisted;Statistics as Topic;Subtraction Technique}, 
doi={10.1109/TMI.2002.808359}, 
ISSN={0278-0062}, 
month={Feb},}
@INPROCEEDINGS{Robinson_2001, 
author={D. Robinson and P. Milanfar}, 
booktitle={Signals, Systems and Computers, 2001. Conference Record of the Thirty-Fifth Asilomar Conference on}, 
title={Efficiency and accuracy tradeoffs in using projections for motion estimation}, 
year={2001}, 
volume={1}, 
pages={545-550 vol.1}, 
keywords={Radon transforms;image registration;motion estimation;Radon transform;accuracy;computational efficiency;image registration;motion estimation;performance;projection transform;speed up;translational motion;Application software;Computational complexity;Computational efficiency;Computer vision;Costs;Image coding;Image registration;Motion estimation;Video coding;Video compression}, 
doi={10.1109/ACSSC.2001.986983}, 
ISSN={1058-6393}, 
month={Nov},}


@article{Keller_2007,
title = "A projection-based extension to phase correlation image alignment ",
journal = "Signal Processing ",
volume = "87",
number = "1",
pages = "124 - 133",
year = "2007",
note = "",
issn = "0165-1684",
doi = "10.1016/j.sigpro.2006.04.013",
url = "http://www.sciencedirect.com/science/article/pii/S0165168406001770",
author = "Y. Keller and A. Averbuch",
keywords = "Fourier based",
keywords = "Phase correlation",
keywords = "Image registration",
keywords = "Robust alignment "
}



@ARTICLE{Alliney_86, 
author={S. Alliney and C. Morandi}, 
journal={IEEE Transactions on Pattern Analysis and Machine Intelligence}, 
title={Digital Image Registration Using Projections}, 
year={1986}, 
volume={PAMI-8}, 
number={2}, 
pages={222-233}, 
keywords={Biomedical image processing;Cameras;Digital images;Displays;Fourier transforms;Image processing;Image registration;Layout;Pixel;Satellite broadcasting;Digital image processing;Fourier transform;image registration;matching algorithms;phase correlation;projection slice theorem}, 
doi={10.1109/TPAMI.1986.4767775}, 
ISSN={0162-8828}, 
month={March},}

@article{Ren_2014,
title = "Gradient-based subspace phase correlation for fast and effective image alignment ",
journal = "Journal of Visual Communication and Image Representation ",
volume = "25",
number = "7",
pages = "1558 - 1565",
year = "2014",
note = "",
issn = "1047-3203",
doi = "10.1016/j.jvcir.2014.07.001",
url = "http://www.sciencedirect.com/science/article/pii/S1047320314001163",
author = "Jinchang Ren and Theodore Vlachos and Yi Zhang and Jiangbin Zheng and Jianmin Jiang",
keywords = "Image registration",
keywords = "Sub-pixel alignment",
keywords = "Phase correlation",
keywords = "Interference terms",
keywords = "Subspace projection",
keywords = "Fourier transform",
keywords = "Motion estimation",
keywords = "Fast algorithm "
}


@ARTICLE{Ren_2010, 
author={J. Ren and J. Jiang and T. Vlachos}, 
journal={IEEE Transactions on Image Processing}, 
title={High-Accuracy Sub-Pixel Motion Estimation From Noisy Images in {F}ourier Domain}, 
year={2010}, 
volume={19}, 
number={5}, 
pages={1379-1384}, 
keywords={Fourier analysis;image resolution;image sampling;motion estimation;Fourier domain;high-accuracy subpixel motion estimation;noisy images;Linear interpolation;motion estimation;phase correlation;sub-pixel registration;Algorithms;Artifacts;Fourier Analysis;Image Enhancement;Image Interpretation, Computer-Assisted;Motion;Pattern Recognition, Automated;Reproducibility of Results;Sensitivity and Specificity;Signal Processing, Computer-Assisted;Subtraction Technique}, 
doi={10.1109/TIP.2009.2039056}, 
ISSN={1057-7149}, 
month={May},}

@ARTICLE{Pham2014, 
author={T. T. Pham and T. J. Chin and J. Yu and D. Suter}, 
journal={IEEE Transactions on Pattern Analysis and Machine Intelligence}, 
title={The Random Cluster Model for Robust Geometric Fitting}, 
year={2014}, 
volume={36}, 
number={8}, 
pages={1658-1671}, 
keywords={computer vision;graph theory;set theory;annealing framework;computer vision;coupled spin systems;data clusters;fitting optimization;graph cuts;hypothesis sampling;measurement noise;minimal subsets selection;random cluster model;random hypothesis generation;robust geometric model fitting;Accuracy;Computational modeling;Data models;Generators;Labeling;Optimization;Robustness;Robust geometric fitting;guided sampling;hypothesis generation;multiple structures}, 
doi={10.1109/TPAMI.2013.2296310}, 
ISSN={0162-8828}, 
month={Aug},}

@INPROCEEDINGS{Kanazawa04detectionof,
    author = {Yasushi Kanazawa and Hiroshi Kawakami},
    title = {Detection of planar regions with uncalibrated stereo using distribution of feature points},
    booktitle = {In British Machine Vision Conference},
    year = {2004},
    pages = {247--256}
}

@ARTICLE{Tennakoon_2016, 
author={R. B. Tennakoon and A. Bab-Hadiashar and Z. Cao and R. Hoseinnezhad and D. Suter}, 
journal={IEEE Transactions on Pattern Analysis and Machine Intelligence}, 
title={Robust Model Fitting Using Higher Than Minimal Subset Sampling}, 
year={2016}, 
volume={38}, 
number={2}, 
pages={350-362}, 
keywords={data structures;sampling methods;data structure;hypothesis generation;minimal subset sampling;noise hypotheses;robust model fitting;subset sampling;Analytical models;Computational modeling;Cost function;Data models;Estimation error;Noise;Robustness;Model fitting;Robust Statistics;data segmentation;higher than minimal subset sampling;hypothesis generation;robust statistics}, 
doi={10.1109/TPAMI.2015.2448103}, 
ISSN={0162-8828}, 
month={Feb},}

@INPROCEEDINGS{robertron, 
author={R. Tron and K. Daniilidis}, 
booktitle={2014 IEEE Conference on Computer Vision and Pattern Recognition}, 
title={On the Quotient Representation for the Essential Manifold}, 
year={2014}, 
pages={1574-1581}, 
keywords={computer vision;geometry;image representation;matrix algebra;pose estimation;Riemannian manifold;camera poses;computer vision;epipolar constraint;essential manifold;essential matrix;geometric peculiarities;projective views;quotient manifold;quotient representation;Cameras;Computer vision;Manifolds;Materials;Matrix decomposition;Measurement;Vectors;Riemannian geometry;epipolar constraint;essential manifold}, 
doi={10.1109/CVPR.2014.204}, 
ISSN={1063-6919}, 
month={June},}

@ARTICLE{Wang04imagequality,
    author = {Zhou Wang and Alan C. Bovik and Hamid R. Sheikh and Eero P. Simoncelli},
    title = {Image Quality Assessment: From Error Visibility to Structural Similarity},
    journal = {IEEE TRANSACTIONS ON IMAGE PROCESSING},
    year = {2004},
    volume = {13},
    number = {4},
    pages = {600--612}
}

@article{LehmannGS99,
  added-at = {2011-11-03T00:00:00.000+0100},
  author = {Lehmann, Thomas Martin and Gönner, Claudia and Spitzer, Klaus},
  biburl = {http://www.bibsonomy.org/bibtex/2619e7d3c5a48fa3b23b67927da4ef5ee/dblp},
  ee = {http://dx.doi.org/10.1109/42.816070},
  interhash = {ee1ee4808a1f286771d076140adcae7c},
  intrahash = {619e7d3c5a48fa3b23b67927da4ef5ee},
  journal = {IEEE Trans. Med. Imaging},
  keywords = {dblp},
  number = 11,
  pages = {1049-1075},
  timestamp = {2011-11-03T00:00:00.000+0100},
  title = {Survey: Interpolation Methods in Medical Image Processing.},
  url = {http://dblp.uni-trier.de/db/journals/tmi/tmi18.html#LehmannGS99},
  volume = 18,
  year = 1999
}
@INCOLLECTION(thevenaz9901,
AUTHOR="Th{\'{e}}venaz, P. and Blu, T. and Unser, M.",
TITLE="Image Interpolation and Resampling",
BOOKTITLE="Handbook of Medical Imaging, Processing and Analysis",
PUBLISHER="Academic Press",
YEAR="2000",
editor="Bankman, I.N.",
volume="",
series="",
type="",
chapter="25",
pages="393--420",
address="San Diego CA, USA",
edition="",
month="",
note="")

@ARTICLE{Sha49,
  author = {Shannon, C. E.},
  title = {{Communication in the Presence of Noise}},
  journal = {Proceedings of the IRE},
  year = {1949},
  volume = {37},
  pages = {10--21},
  number = {1},
  month = jan,
  abstract = {{A method is developed for representing any communication system geometrically.
	Messages and the corresponding signals are points in two "function
	spaces," and the modulation process is a mapping of one space into
	the other. Using this representation, a number of results in communication
	theory are deduced concerning expansion and compression of bandwidth
	and the threshold effect. Formulas are found for the maxmum rate
	of transmission of binary digits over a system when the signal is
	perturbed by various types of noise. Some of the properties of "ideal"
	systems which transmit at this maxmum rate are discussed. The equivalent
	number of binary digits per second for certain information sources
	is calculated.}},
  citeulike-article-id = {998766},
  citeulike-linkout-0 = {http://dx.doi.org/10.1109/jrproc.1949.232969},
  citeulike-linkout-1 = {http://ieeexplore.ieee.org/xpls/abs\_all.jsp?arnumber=1697831},
  doi = {10.1109/jrproc.1949.232969},
  issn = {0096-8390},
  keywords = {bandwidth, capacity, noise, power, shannon},
  posted-at = {2009-03-05 15:16:20},
  priority = {2},
  url = {http://dx.doi.org/10.1109/jrproc.1949.232969}
}

@ARTICLE{dodgson1997quadratic,
  author = {Dodgson, Neil A},
  title = {Quadratic interpolation for image resampling},
  journal = {Image Processing, IEEE Transactions on},
  year = {1997},
  volume = {6},
  pages = {1322--1326},
  number = {9},
  publisher = {IEEE}
}

@ARTICLE{Blu00interpolationrevisited,
    author = {Thierry Blu and Michael Unser},
    title = {Interpolation revisited},
    journal = {IEEE Transactions on Medical Imaging},
    year = {2000},
    volume = {19},
    pages = {739--758}
}

@ARTICLE{Hou1978, 
author={Hou, H.S. and Andrews, H.}, 
journal={Acoustics, Speech and Signal Processing, IEEE Transactions on}, 
title={Cubic splines for image interpolation and digital filtering}, 
year={1978}, 
volume={26}, 
number={6}, 
pages={508-517}, 
keywords={Application software;Digital filters;Filtering theory;Hardware;Image converters;Image sampling;Interpolation;Signal processing;Signal sampling;Spline}, 
doi={10.1109/TASSP.1978.1163154}, 
ISSN={0096-3518},}

@article{Schaum93,
  added-at = {2011-07-08T00:00:00.000+0200},
  author = {Schaum, Alan P.},
  biburl = {http://www.bibsonomy.org/bibtex/28c8f58b68a01926aa73912fa49355340/dblp},
  ee = {http://dx.doi.org/10.1006/cgip.1993.1035},
  interhash = {e1f0317e0ab5f87eedadd92db147a178},
  intrahash = {8c8f58b68a01926aa73912fa49355340},
  journal = {CVGIP: Graphical Model and Image Processing},
  keywords = {dblp},
  number = 6,
  pages = {464-481},
  timestamp = {2011-07-08T00:00:00.000+0200},
  title = {Theory and Design of Local Interpolators.},
  url = {http://dblp.uni-trier.de/db/journals/cvgip/cvgip55.html#Schaum93},
  volume = 55,
  year = 1993
}

@article{ipol.2011.g_lmii,
    title   = {{Linear Methods for Image Interpolation}},
    author  = {Getreuer, Pascal},
    journal = {{Image Processing On Line}},
    volume  = {2011},
    year    = {2011},
    doi     = {10.5201/ipol.2011.g_lmii},
    note    = {\url{http://dx.doi.org/10.5201/ipol.2011.g_lmii}}
}


@INPROCEEDINGS{Choi2009, 
author={Jongmoo Choi and G. Medioni}, 
booktitle={Computer Vision and Pattern Recognition, 2009. CVPR 2009. IEEE Conference on}, 
title={StaRSaC: Stable random sample consensus for parameter estimation}, 
year={2009}, 
pages={675-682}, 
keywords={Gaussian processes;computer vision;image matching;parameter estimation;Gaussian process;RANSAC;StaRSaC;computer vision;feature localization;feature matching;outlier noise;parameter estimation;random sample consensus;uncertainty noise;Application software;Computer vision;Gaussian noise;Intelligent robots;Intelligent systems;Parameter estimation;Stability;State estimation;Testing;Uncertainty}, 
doi={10.1109/CVPR.2009.5206678}, 
ISSN={1063-6919}, 
month={June},}

@INPROCEEDINGS{Chum2004, 
author={Ondrej Chum and T. Werner and J. Matas}, 
booktitle={Pattern Recognition, 2004. ICPR 2004. Proceedings of the 17th International Conference on}, 
title={Epipolar geometry estimation via RANSAC benefits from the oriented epipolar constraint}, 
year={2004}, 
volume={1}, 
pages={112-115 Vol.1}, 
keywords={computer vision;geometry;image enhancement;computer vision;epipolar geometry computation;epipolar geometry estimation;image enhancement;orientation test;oriented epipolar constraint;performance evaluation;random sample consensus;Cameras;Computational geometry;Computer vision;Cybernetics;Layout;Robustness;Solid modeling;State estimation;Testing;Time measurement}, 
doi={10.1109/ICPR.2004.1334020}, 
ISSN={1051-4651}, 
month={Aug},}

@inproceedings{ArieNachimson2012,
 author = {Arie-Nachimson, Mica and Kovalsky, Shahar Z. and Kemelmacher-Shlizerman, Ira and Singer, Amit and Basri, Ronen},
 title = {Global Motion Estimation from Point Matches},
 booktitle = {Proceedings of the 2012 Second International Conference on 3D Imaging, Modeling, Processing, Visualization \& Transmission},
 series = {3DIMPVT '12},
 year = {2012},
 isbn = {978-0-7695-4873-9},
 pages = {81--88},
 numpages = {8},
 url = {http://dx.doi.org/10.1109/3DIMPVT.2012.46},
 doi = {10.1109/3DIMPVT.2012.46},
 acmid = {2415828},
 publisher = {IEEE Computer Society},
 address = {Washington, DC, USA},
 keywords = {structure from motion, 3D reconstruction, camera motion estimation, convex relaxation, linear estimation},
} 

@incollection{yang2014optimal,
  title={Optimal essential matrix estimation via inlier-set maximization},
  author={Yang, Jiaolong and Li, Hongdong and Jia, Yunde},
  booktitle={Computer Vision--ECCV 2014},
  pages={111--126},
  year={2014},
  publisher={Springer}
}

@INPROCEEDINGS{Hartley2011, 
author={R. Hartley and K. Aftab and J. Trumpf}, 
booktitle={Computer Vision and Pattern Recognition (CVPR), 2011 IEEE Conference on}, 
title={L1 rotation averaging using the Weiszfeld algorithm}, 
year={2011}, 
pages={3041-3048}, 
keywords={image processing;iterative methods;rotation;Fermat-Weber problem;L1 rotation averaging;Weiszfeld algorithm;convergent algorithm;iterative algorithm;median rotation error;multiple rotation averaging;rapid averaging algorithm;tangent spaces;Convergence;Cost function;Manifolds;Matrix decomposition;Measurement;Quaternions;Robustness}, 
doi={10.1109/CVPR.2011.5995745}, 
ISSN={1063-6919}, 
month={June},}

@INPROCEEDINGS{subbarao2008, 
author={R. Subbarao and Y. Genc and P. Meer}, 
booktitle={Computer Vision and Pattern Recognition, 2008. CVPR 2008. IEEE Conference on}, 
title={Robust unambiguous parametrization of the essential manifold}, 
year={2008}, 
pages={1-8}, 
keywords={image segmentation;image sensors;motion estimation;analytic manifolds;calibrated cameras;epipolar constraint;essential manifold;motion averaging;motion segmentation;robust motion estimation;robust unambiguous parametrization;Cameras;Clustering algorithms;Computer vision;Data analysis;Geometry;Layout;Motion analysis;Motion estimation;Motion segmentation;Robustness}, 
doi={10.1109/CVPR.2008.4587689}, 
ISSN={1063-6919}, 
month={June},}

@book{li2009projective,
  title={Projective Registration with Manifold Optimization},
  author={Li, Guangwei and Jian, Yin and Liu, Yunpeng and Shi, Zelin},
  year={2009},
  publisher={INTECH Open Access Publisher}
}

@incollection{Longuet-Higgins-1987,
 author = {Longuet-Higgins, H. C.},
 chapter = {A Computer Algorithm for Reconstructing a Scene from Two Projections},
 title = {Readings in Computer Vision: Issues, Problems, Principles, and Paradigms},
 editor = {Fischler, Martin A. and Firschein, Oscar},
 year = {1987},
 isbn = {0-934613-33-8},
 pages = {61--62},
 numpages = {2},
 url = {http://dl.acm.org/citation.cfm?id=33517.33523},
 acmid = {33523},
 publisher = {Morgan Kaufmann Publishers Inc.},
 address = {San Francisco, CA, USA},
} 

@INPROCEEDINGS{robertron2014, 
author={R. Tron and K. Daniilidis}, 
booktitle={2014 IEEE Conference on Computer Vision and Pattern Recognition}, 
title={On the Quotient Representation for the Essential Manifold}, 
year={2014}, 
pages={1574-1581}, 
keywords={computer vision;geometry;image representation;matrix algebra;pose estimation;Riemannian manifold;camera poses;computer vision;epipolar constraint;essential manifold;essential matrix;geometric peculiarities;projective views;quotient manifold;quotient representation;Cameras;Computer vision;Manifolds;Materials;Matrix decomposition;Measurement;Vectors;Riemannian geometry;epipolar constraint;essential manifold}, 
doi={10.1109/CVPR.2014.204}, 
ISSN={1063-6919}, 
month={June},}

@inproceedings{botterill2011refining,
  title={Refining essential matrix estimates from RANSAC},
  author={Botterill, Tom and Mills, Steven and Green, Richard},
  booktitle={Image and Vision Computing New Zealand},
  pages={500--505},
  year={2011}
}

@INPROCEEDINGS{Frahm_2006, 
author={J. M. Frahm and M. Pollefeys}, 
booktitle={Computer Vision and Pattern Recognition, 2006 IEEE Computer Society Conference on}, 
title={RANSAC for (Quasi-)Degenerate data (QDEGSAC)}, 
year={2006}, 
volume={1}, 
pages={453-460}, 
keywords={Application software;Computer Society;Computer science;Computer vision;Cost function;Layout;Pattern recognition;Robustness;Testing}, 
doi={10.1109/CVPR.2006.235}, 
ISSN={1063-6919}, 
month={June},}

@INPROCEEDINGS{Torr_1998, 
author={P. Torr and A. Zisserman}, 
booktitle={Computer Vision, 1998. Sixth International Conference on}, 
title={Robust computation and parametrization of multiple view relations}, 
year={1998}, 
pages={727-732}, 
keywords={computer vision;maximum likelihood estimation;MLESAC;image point correspondences;image to image homographies;maximum likelihood estimate;multiple view relations;parametrization;quadratic transformations;robust algorithm;robust computation;Cameras;Computer vision;Cost function;Gaussian noise;Layout;Maximum likelihood estimation;Motion segmentation;Robots;Robustness;Transmission line matrix methods}, 
doi={10.1109/ICCV.1998.710798}, 
month={Jan},}

@book{wald1947sequential,
  title={Sequential Analysis},
  author={Wald, A.},
  lccn={47004257},
  series={Wiley series in probability and mathematical statistics. Probability and mathematical statistics},
  url={https://books.google.es/books?id=0nREAAAAIAAJ},
  year={1947},
  publisher={J. Wiley \& Sons, Incorporated}
}

@INPROCEEDINGS{NI_2009, 
author={Kai Ni and Hailin Jin and F. Dellaert}, 
booktitle={Computer Vision, 2009 IEEE 12th International Conference on}, 
title={GroupSAC: Efficient consensus in the presence of groupings}, 
year={2009}, 
pages={2193-2200}, 
keywords={computer vision;image matching;image sampling;image sequences;iterative methods;pattern clustering;GroupSAC;RANSAC algorithm;binomial mixture model;camera resectioning;geometric vision problem;optical flow based clustering;sampling procedure;wide-baseline matching;Cameras;Clustering algorithms;Computer vision;Geometrical optics;Image motion analysis;Image segmentation;Internet;Performance gain;Sampling methods;Testing}, 
doi={10.1109/ICCV.2009.5459241}, 
ISSN={1550-5499}, 
month={Sept},}

@inproceedings{Myatt2002NAPSACHN,
  title={NAPSAC: High Noise, High Dimensional Robust Estimation - it's in the Bag},
  author={Darren R. Myatt and Philip H. S. Torr and Slawomir J. Nasuto and J. Mark Bishop and R. Craddock},
  booktitle={BMVC},
  year={2002}
}

@article{IVES_2014,
    title   = {{Anatomy of the SIFT Method}},
    author  = {Rey Otero, Ives and Delbracio, Mauricio},
    journal = {{Image Processing On Line}},
    volume  = {4},
    pages   = {370--396},
    year    = {2014},
    doi     = {10.5201/ipol.2014.82},
}

@article{brown1992survey,
  title={A survey of image registration techniques},
  author={Brown, Lisa Gottesfeld},
  journal={ACM computing surveys (CSUR)},
  volume={24},
  number={4},
  pages={325--376},
  year={1992},
  publisher={ACM}
}

@article{Lowe2004,
author="Lowe, David G.",
title="Distinctive Image Features from Scale-Invariant Keypoints",
journal="International Journal of Computer Vision",
volume="60",
number="2",
pages="91--110",
abstract="This paper presents a method for extracting distinctive invariant features from images that can be used to perform reliable matching between different views of an object or scene. The features are invariant to image scale and rotation, and are shown to provide robust matching across a substantial range of affine distortion, change in 3D viewpoint, addition of noise, and change in illumination. The features are highly distinctive, in the sense that a single feature can be correctly matched with high probability against a large database of features from many images. This paper also describes an approach to using these features for object recognition. The recognition proceeds by matching individual features to a database of features from known objects using a fast nearest-neighbor algorithm, followed by a Hough transform to identify clusters belonging to a single object, and finally performing verification through least-squares solution for consistent pose parameters. This approach to recognition can robustly identify objects among clutter and occlusion while achieving near real-time performance.",
issn="1573-1405",
doi="10.1023/B:VISI.0000029664.99615.94",
url="http://dx.doi.org/10.1023/B:VISI.0000029664.99615.94"
}


@Article{Brown2006,
author="Brown, Matthew
and Lowe, David G.",
title="Automatic Panoramic Image Stitching using Invariant Features",
journal="International Journal of Computer Vision",
year="2006",
volume="74",
number="1",
pages="59--73",
abstract="This paper concerns the problem of fully automated panoramic image stitching. Though the 1D problem (single axis of rotation) is well studied, 2D or multi-row stitching is more difficult. Previous approaches have used human input or restrictions on the image sequence in order to establish matching images. In this work, we formulate stitching as a multi-image matching problem, and use invariant local features to find matches between all of the images. Because of this our method is insensitive to the ordering, orientation, scale and illumination of the input images. It is also insensitive to noise images that are not part of a panorama, and can recognise multiple panoramas in an unordered image dataset. In addition to providing more detail, this paper extends our previous work in the area (Brown and Lowe, 2003) by introducing gain compensation and automatic straightening steps.",
issn="1573-1405",
doi="10.1007/s11263-006-0002-3",
url="http://dx.doi.org/10.1007/s11263-006-0002-3"
}

@Book{Huber81a,
  Title                    = {Robust Statistics},
  Annote                   = {SIGNATUR = 730.741},
  Author                   = {Peter J. Huber},
  Keywords                 = {FUNDAMENTALS mathematics},
  Publisher                = {Wiley},
  Year                     = {1981},
}

@inproceedings{Choi_09,
  added-at = {2011-05-03T00:00:00.000+0200},
  author = {Choi, Sunglok and Kim, Taemin and Yu, Wonpil},
  biburl = {http://www.bibsonomy.org/bibtex/27fcfedd79c112a0faf9d0a43094cdbed/dblp},
  booktitle = {BMVC},
  ee = {http://www.bmva.org/bmvc/2009/Papers/Paper355/Abstract355.pdf},
  interhash = {a4fc68f488f6d49d1f4964113f871309},
  intrahash = {7fcfedd79c112a0faf9d0a43094cdbed},
  keywords = {dblp},
  publisher = {British Machine Vision Association},
  timestamp = {2011-05-04T11:32:53.000+0200},
  title = {Performance Evaluation of RANSAC Family.},
  year = 2009
}


@article{Zhang_95,
title = "A robust technique for matching two uncalibrated images through the recovery of the unknown epipolar geometry ",
journal = "Artificial Intelligence ",
volume = "78",
number = "12",
pages = "87 - 119",
year = "1995",
note = "Special Volume on Computer Vision ",
issn = "0004-3702",
doi = "10.1016/0004-3702(95)00022-4",
url = "http://www.sciencedirect.com/science/article/pii/0004370295000224",
author = "Zhengyou Zhang and Rachid Deriche and Olivier Faugeras and Quang-Tuan Luong",
keywords = "Robust matching",
keywords = "Epipolar geometry",
keywords = "Fundamental matrix",
keywords = "Least Median of Squares (LMedS)",
keywords = "Relaxation",
keywords = "Correlation "
}


@article{Rousseeuw_84,
author = { Peter J. Rousseeuw },
title = {Least Median of Squares Regression},
journal = {Journal of the American Statistical Association},
volume = {79},
number = {388},
pages = {871-880},
year = {1984},
doi = {10.1080/01621459.1984.10477105},

URL = { 
        http://www.tandfonline.com/doi/abs/10.1080/01621459.1984.10477105
    
},
eprint = { 
        http://www.tandfonline.com/doi/pdf/10.1080/01621459.1984.10477105 
}
}



@article{Has13a, 
author = {A. Hast and J. Nysjo and A. Marchetti}, 
title = {Optimal RANSAC - Towards a Repeatable Algorithm for Finding the Optimal Set}, 
journal = {Journal of WSCG}, 
pages = {21--30}, 
volume = {no.1}, 
year = {2013} }

@misc{Rub1,
 author = {Rubino, Daniel},
 editor = {{Windows Phone Central}},
 title = {IE9 for Windows Phone 7: Adobe Flash, demos and development},
 url = {http://www.wpcentral.com/ie9-windows-phone-7-adobe-flash-demos-and-development-videos},
 lastchecked = {14.01.2013},
 originalyear = {18.02.2011}
}

@Misc{Marinichev_GML,
author = {Marinichev, Kirill and Gaganov, Victor and Konushin, Anton and Vezhnevets Vladimir},
title = {GML RANSAC Matlab Toolbox},
howpublished = {\url{http://graphics.cs.msu.ru/en/science/research/machinelearning/ransactoolbox}}
}

@ARTICLE{Sutherland_74, 
author={I. E. Sutherland}, 
journal={Proceedings of the IEEE}, 
title={Three-dimensional data input by tablet}, 
year={1974}, 
volume={62}, 
number={4}, 
pages={453-461}, 
keywords={Art;Assembly systems;Cities and towns;Helium;Marine vehicles;Mathematics;Matrix converters;Military computing;Production;Subspace constraints}, 
doi={10.1109/PROC.1974.9449}, 
ISSN={0018-9219}, 
month={April},}

@article{Buades_2015,
    title   = {{Obtaining High Quality Photographs of Paintings by Image Fusion}},
    author  = {Buades, Antoni and Haro, Gloria and Meinhardt-Llopis, Enric},
    journal = {{Image Processing On Line}},
    volume  = {5},
    pages   = {159--175},
    year    = {2015},
    doi     = {10.5201/ipol.2015.49},
}

@book{drezner_facility_2001,
	title = {Facility {Location}: {Applications} and {Theory}},
	isbn = {978-3-540-42172-6},
	url = {https://books.google.es/books?id=qUT-f95eJ0kC},
	publisher = {Springer Berlin Heidelberg},
	author = {Drezner, Z. and Hamacher, H.W.},
	year = {2001},
	lccn = {2001054996}
}

@Article{Weiszfeld2008,
author="Weiszfeld, E.
and Plastria, Frank",
title="On the point for which the sum of the distances to n given points is minimum",
journal="Annals of Operations Research",
year="2008",
volume="167",
number="1",
pages="7--41",
abstract="Translation with annotations of E.ÂWeiszfeld, Sur le point pour lequel la somme des distances de n points donn{\'e}s est minimum, T{\^o}hoku Mathematical Journal (first series), 43 (1937) pp.Â355--386.",
issn="1572-9338",
doi="10.1007/s10479-008-0352-z",
url="http://dx.doi.org/10.1007/s10479-008-0352-z"
}





@INPROCEEDINGS{Kukelova_2015, 
author={Z. Kukelova and J. Heller and M. Bujnak and T. Pajdla}, 
booktitle={Computer Vision and Pattern Recognition (CVPR), 2015 IEEE Conference on}, 
title={Radial distortion homography}, 
year={2015}, 
pages={639-647}, 
keywords={computer vision;distortion;estimation theory;image motion analysis;polynomials;Gröbner basis method;RANSAC loop;homography estimation;image point correspondence;linear equations;perspective cameras;polynomial equations;radial distortion homography;relative motion;vision applications;Cameras;Estimation;Mathematical model;Nonlinear distortion;Three-dimensional displays;Transmission line matrix methods}, 
doi={10.1109/CVPR.2015.7298663}, 
month={June},}

@book{Hartley_2003,
 author = {Hartley, Richard and Zisserman, Andrew},
 title = {Multiple View Geometry in Computer Vision},
 year = {2003},
 isbn = {0521540518},
 edition = {2},
 publisher = {Cambridge University Press},
 address = {New York, NY, USA},
} 
@article{moisan_2012,
    title   = {{Automatic Homographic Registration of a Pair of Images, with A Contrario Elimination of Outliers}},
    author  = {Moisan, Lionel and Moulon, Pierre and Monasse, Pascal},
    journal = {{Image Processing On Line}},
    volume  = {2},
    pages   = {56--73},
    year    = {2012},
    doi     = {10.5201/ipol.2012.mmm-oh},
}

@inproceedings{Tordoff_2002,
 author = {Tordoff, Ben and Murray, David W.},
 title = {Guided Sampling and Consensus for Motion Estimation},
 booktitle = {Proceedings of the 7th European Conference on Computer Vision-Part I},
 series = {ECCV '02},
 year = {2002},
 isbn = {3-540-43745-2},
 pages = {82--98},
 numpages = {17},
 url = {http://dl.acm.org/citation.cfm?id=645315.649190},
 acmid = {649190},
 publisher = {Springer-Verlag},
 address = {London, UK, UK},
} 

@article{Fischler_1981,
 author = {Fischler, Martin A. and Bolles, Robert C.},
 title = {Random Sample Consensus: A Paradigm for Model Fitting with Applications to Image Analysis and Automated Cartography},
 journal = {Commun. ACM},
 issue_date = {June 1981},
 volume = {24},
 number = {6},
 month = jun,
 year = {1981},
 issn = {0001-0782},
 pages = {381--395},
 numpages = {15},
 url = {http://doi.acm.org/10.1145/358669.358692},
 doi = {10.1145/358669.358692},
 acmid = {358692},
 publisher = {ACM},
 address = {New York, NY, USA},
 keywords = {automated cartography, camera calibration, image matching, location determination, model fitting, scene analysis},
} 

@article{raguram_comparative_2008,
	title = {A comparative analysis of {RANSAC} techniques leading to adaptive real-time random sample consensus},
	url = {http://www.springerlink.com/index/84T23624123Q1377.pdf},
	urldate = {2016-03-10},
	journal = {Computer Vision–ECCV 2008},
	author = {Raguram, Rahul and Frahm, Jan-Michael and Pollefeys, Marc},
	year = {2008},
	pages = {500--513},
	file = {2008 - A Comparative Analysis of RANSAC Techniques Leading to Adaptive Real-Time Random Sample Consensus.pdf:/Volumes/PhD/cuadros/rransac/2008 - A Comparative Analysis of RANSAC Techniques Leading to Adaptive Real-Time Random Sample Consensus.pdf:application/pdf}
}

@INPROCEEDINGS{Chum_2005_dominant_plane, 
author={O. Chum and T. Werner and J. Matas}, 
booktitle={Computer Vision and Pattern Recognition, 2005. CVPR 2005. IEEE Computer Society Conference on}, 
title={Two-view geometry estimation unaffected by a dominant plane}, 
year={2005}, 
volume={1}, 
pages={772-779 vol. 1}, 
keywords={computational geometry;computer vision;estimation theory;randomised algorithms;RANSAC-based algorithm;computational geometry;computer vision;epipolar geometry;estimation theory;homography estimation;randomised algorithms;robust estimation;two-view geometry estimation;Computational complexity;Computer Society;Computer vision;Cybernetics;Geometry;Lamps;Layout;Measurement standards;Pattern recognition;Robustness}, 
doi={10.1109/CVPR.2005.354}, 
ISSN={1063-6919}, 
month={June},}

@inproceedings{subbarao_beyond_2006,
	title = {Beyond {RANSAC}: user independent robust regression},
	shorttitle = {Beyond {RANSAC}},
	url = {http://ieeexplore.ieee.org/xpls/abs_all.jsp?arnumber=1640543},
	urldate = {2016-03-10},
	booktitle = {Computer {Vision} and {Pattern} {Recognition} {Workshop}, 2006. {CVPRW}'06. {Conference} on},
	publisher = {IEEE},
	author = {Subbarao, Raghav and Meer, Peter},
	year = {2006},
	pages = {101--101}
}

@inproceedings{raguram_exploiting_2009,
	title = {Exploiting uncertainty in random sample consensus},
	url = {http://ieeexplore.ieee.org/xpls/abs_all.jsp?arnumber=5459456},
	urldate = {2016-03-10},
	booktitle = {Computer {Vision}, 2009 {IEEE} 12th {International} {Conference} on},
	publisher = {IEEE},
	author = {Raguram, Rahul and Frahm, Jan-Michael and Pollefeys, Marc},
	year = {2009},
	pages = {2074--2081}
}

@inproceedings{lebeda_fixing_2012,
	title = {Fixing the locally optimized RANSAC–full experimental evaluation},
	urldate = {2016-03-10},
	booktitle = {British {Machine} {Vision} {Conference}},
	publisher = {Citeseer},
	author = {Lebeda, Karel and Matas, Jiri and Chum, Ondrej},
	year = {2012},
	pages = {1--11}
}

@incollection{chum_locally_2003,
	title = {Locally optimized {RANSAC}},
	urldate = {2016-03-10},
	booktitle = {Pattern Recognition},
	publisher = {Springer},
	author = {Chum, Ondřej and Matas, Jiří and Kittler, Josef},
	year = {2003},
	pages = {236--243}
}

@inproceedings{chum_matching_2005,
	title = {Matching with {PROSAC}-progressive sample consensus},
	volume = {1},
	urldate = {2016-03-10},
	booktitle = {Computer {Vision} and {Pattern} {Recognition}, 2005. {CVPR} 2005. {IEEE} {Computer} {Society} {Conference} on},
	publisher = {IEEE},
	author = {Chum, O. and Matas, J.},
	year = {2005},
	pages = {220--226},
	file = {2005 - Matching with Prosac - Progressive Sample Consensus.pdf:/Volumes/PhD/cuadros/rransac/2005 - Matching with Prosac - Progressive Sample Consensus.pdf:application/pdf}
}

@article{torr_mlesac_2000,
	title = {{MLESAC}: {A} {New} {Robust} {Estimator} with {Application} to {Estimating} {Image} {Geometry}},
	volume = {78},
	issn = {10773142},
	shorttitle = {{MLESAC}},
	url = {http://linkinghub.elsevier.com/retrieve/pii/S1077314299908329},
	doi = {10.1006/cviu.1999.0832},
	language = {en},
	number = {1},
	urldate = {2016-03-10},
	journal = {Computer Vision and Image Understanding},
	author = {Torr, P.H.S. and Zisserman, A.},
	month = apr,
	year = {2000},
	pages = {138--156},
	file = {2000 - MLESAC- A New Robust Estimator with Application to Estimating Image Geometry.pdf:/Volumes/PhD/cuadros/rransac/2000 - MLESAC- A New Robust Estimator with Application to Estimating Image Geometry.pdf:application/pdf}
}

@article{chum_optimal_2008,
	title = {Optimal {Randomized} {RANSAC}},
	volume = {30},
	issn = {0162-8828},
	url = {http://ieeexplore.ieee.org/lpdocs/epic03/wrapper.htm?arnumber=4359381},
	doi = {10.1109/TPAMI.2007.70787},
	number = {8},
	urldate = {2016-03-10},
	journal = {IEEE Transactions on Pattern Analysis and Machine Intelligence},
	author = {Chum, O. and Matas, J.},
	month = aug,
	year = {2008},
	pages = {1472--1482},
	file = {2008 - Optimal Randomized RANSAC.pdf:/Volumes/PhD/cuadros/rransac/2008 - Optimal Randomized RANSAC.pdf:application/pdf}
}

@article{nister_preemptive_2005,
	title = {Preemptive {RANSAC} for live structure and motion estimation},
	volume = {16},
	issn = {0932-8092, 1432-1769},
	url = {http://link.springer.com/10.1007/s00138-005-0006-y},
	doi = {10.1007/s00138-005-0006-y},
	language = {en},
	number = {5},
	urldate = {2016-03-10},
	journal = {Machine Vision and Applications},
	author = {Nistér, David},
	month = dec,
	year = {2005},
	pages = {321--329},
	file = {2005 - Preemptive RANSAC for live structure and motion estimation .pdf:/Volumes/PhD/cuadros/rransac/2005 - Preemptive RANSAC for live structure and motion estimation .pdf:application/pdf}
}

@article{matas_randomized_2004,
	title = {Randomized {RANSAC} with {Td},d test},
	volume = {22},
	issn = {02628856},
	url = {http://linkinghub.elsevier.com/retrieve/pii/S0262885604000514},
	doi = {10.1016/j.imavis.2004.02.009},
	language = {en},
	number = {10},
	urldate = {2016-03-10},
	journal = {Image and Vision Computing},
	author = {Matas, J and Chum, O},
	month = sep,
	year = {2004},
	pages = {837--842},
	file = {2004 - Randomized RANSAC with Td,d test.pdf:/Volumes/PhD/cuadros/rransac/2004 - Randomized RANSAC with Td,d test.pdf:application/pdf}
}

@ARTICLE{Thevenaz1998, 
author={P. Thevenaz and U. E. Ruttimann and M. Unser}, 
journal={IEEE Transactions on Image Processing}, 
title={A pyramid approach to subpixel registration based on intensity}, 
year={1998}, 
volume={7}, 
number={1}, 
pages={27-41}, 
keywords={biomedical NMR;image registration;iterative methods;least squares approximations;medical image processing;minimisation;motion estimation;positron emission tomography;splines (mathematics);Marquardt-Levenberg algorithm;coarse-to-fine iterative strategy;functional magnetic resonance imaging;geometric deformation model;global three-dimensional affine transformation;image contrast;intensity;intramodality positron emission tomography;isometric scaling;mean square intensity difference;minimization;multiresolution refinement strategy;nonlinear least-square optimization;pyramid approach;rigid-body motion;spline processing;spline representation;subpixel registration;Automatic testing;Deformable models;Iterative algorithms;Iterative methods;Magnetic resonance imaging;Minimization methods;Positron emission tomography;Robustness;Solid modeling;Spline}, 
doi={10.1109/83.650848}, 
ISSN={1057-7149}, 
month={Jan},}

@article{raguram_usac_2013,
	title = {{USAC}: {A} {Universal} {Framework} for {Random} {Sample} {Consensus}},
	volume = {35},
	issn = {0162-8828, 2160-9292},
	shorttitle = {{USAC}},
	url = {http://ieeexplore.ieee.org/lpdocs/epic03/wrapper.htm?arnumber=6365642},
	doi = {10.1109/TPAMI.2012.257},
	number = {8},
	urldate = {2016-03-10},
	journal = {IEEE Transactions on Pattern Analysis and Machine Intelligence},
	author = {Raguram, Rahul and Chum, Ondrej and Pollefeys, Marc and Matas, Jiri and Frahm, Jan-Michael},
	month = aug,
	year = {2013},
	pages = {2022--2038},
	file = {2013 - Optimal Randomized RANSAC.pdf:/Volumes/PhD/cuadros/rransac/2013 - Optimal Randomized RANSAC.pdf:application/pdf}
}

@proceeding{Abdou1998,
	author = {Abdou, Ikram E.},
	title = {Practical approach to the registration of multiple frames of video images},
	journal = {Proc. SPIE},
	volume = {3653},
	number = {},
	pages = {371-382},
	abstract = {Image registration deals with finding the geometric mapping, which, when applied to a region of interest (ROI) in one image, adjusts it such that it matches as closely as possible a corresponding ROI in a reference image. In this paper we address the application of image registration in the processing of multiple frames of video sequences. We discuss three levels of difficulty in the image registration problem: mathematical, statistical, and structural. Based on this analysis and the understanding of the requirements in our application, we select region-based methods for registering the video images, and describe these methods in detail. We extend the study to subpixel image registration and propose a new and more accurate subpixel registration method based on cross-spectrum interpolation. To demonstrate the performance of these methods, we apply them to the registration of real data.},
	year = {1998},
	doi = {10.1117/12.334685},
	URL = { http://dx.doi.org/10.1117/12.334685},
	eprint = {}
}

@book{Starck_1998,
	author = {Starck, J.-L. and Murtagh, F. and Bijaoui, A.},
	title = {Image Processing and Data Analysis: The Multiscale Approach},
	year = {1998},
	isbn = {0-521-59914-8},
	publisher = {Cambridge University Press},
	address = {New York, NY, USA},
} 

@article{Ji2006,
	title = "Noise causes slant underestimation in stereo and motion ",
	journal = "Vision Research ",
	volume = "46",
	number = "19",
	pages = "3105 - 3120",
	year = "2006",
	note = "",
	issn = "0042-6989",
	doi = "10.1016/j.visres.2006.04.010",
	url = "http://www.sciencedirect.com/science/article/pii/S0042698906002124",
	author = "Hui Ji and Cornelia Fermüller",
	keywords = "Shape estimation",
	keywords = "Bias",
	keywords = "Shape from motion",
	keywords = "Stereo orientation disparity",
	keywords = "Partial bias correction "
}



@inproceedings{Lucas_1981,
	author = {Lucas, Bruce D. and Kanade, Takeo},
	title = {An Iterative Image Registration Technique with an Application to Stereo Vision},
	booktitle = {Proceedings of the 7th International Joint Conference on Artificial Intelligence - Volume 2},
	series = {IJCAI'81},
	year = {1981},
	location = {Vancouver, BC, Canada},
	pages = {674--679},
	numpages = {6},
	url = {http://dl.acm.org/citation.cfm?id=1623264.1623280},
	acmid = {1623280},
	publisher = {Morgan Kaufmann Publishers Inc.},
	address = {San Francisco, CA, USA},
} 

@INPROCEEDINGS{pham2008, 
	author={Pham, T.Q. and Duggan, M.}, 
	booktitle={Image Processing, 2008. ICIP 2008. 15th IEEE International Conference on}, 
	title={Bidirectional bias correction for Gradient-Based Shift Estimation}, 
	year={2008}, 
	month={Oct}, 
	pages={829-832}, 
	keywords={gradient methods;image registration;image sequences;bidirectional bias correction;gradient-based shift estimation;image gradient energy;image registration;optical flow;Australia;Filtering;Image motion analysis;Information systems;Low pass filters;Optical computing;Optical filters;Optical noise;Signal to noise ratio;Taylor series;bidirectional bias correction;gradient-based shift estimation;image registration;optical flow}, 
	doi={10.1109/ICIP.2008.4711883}, 
	ISSN={1522-4880},}

@inproceedings{pham2005performance,
	author = {Pham, T. Q. and Bezuijen, M. and Van Vliet, L. J. and Schutte, K. and Hendriks, C. L. L.},
	booktitle = {Proc. SPIE},
	citeulike-article-id = {11892769},
	citeulike-linkout-0 = {http://dx.doi.org/10.1117/12.603304},
	doi = {10.1117/12.603304},
	pages = {133--144},
	posted-at = {2013-01-12 11:09:41},
	priority = {2},
	title = {{Performance of optimal registration estimators}},
	url = {http://dx.doi.org/10.1117/12.603304},
	volume = {5817},
	year = {2005}
}


@article{bab1998robust,
	title={Robust optic flow computation},
	author={Bab-Hadiashar, Alireza and Suter, David},
	journal={International Journal of Computer Vision},
	volume={29},
	number={1},
	pages={59--77},
	year={1998},
	publisher={Springer}
}

@article{baker2004lucas,
	title={Lucas-kanade 20 years on: A unifying framework},
	author={Baker, Simon and Matthews, Iain},
	journal={IJCV},
	volume={56},
	number={3},
	pages={221--255},
	year={2004},
	publisher={Springer}
}

@MISC{Fleet05opticalflow,
	author = {David J. Fleet and Yair Weiss},
	title = { Optical Flow Estimation},
	year = {2005}
}
@INPROCEEDINGS{Babhadiashar98robusttotal,
	author = {Alireza Bab-Hadiashar and David Suter},
	title = {Robust Total Least Squares Based Optic Flow Computation},
	booktitle = {Proc. 3rd ACCV, Hong Kong},
	year = {1998},
	pages = {566--573}
}

@ARTICLE{Weber95robustcomputation,
	author = {Joseph Weber and Jitendra Malik},
	title = {Robust computation of optic flow in a multiscale differential framework},
	journal = {International Journal of Computer Vision},
	year = {1995},
	pages = {67--81}
}

@inproceedings{tsai1999optical,
	title={Optical flow estimation from noisy data using differential techniques},
	author={Tsai, Chun-Jen and Galatsanos, Nikolas P and Katsaggelos, Aggelos K},
	booktitle={Acoustics, Speech, and Signal Processing, 1999. Proceedings., 1999 IEEE International Conference on},
	volume={6},
	pages={3393--3396},
	year={1999},
	organization={IEEE}
}

@article{adams2008viewfinder,
  title={Viewfinder alignment},
  author={Adams, Andrew and Gelfand, Natasha and Pulli, Kari},
  journal={Computer Graphics Forum},
  volume={27},
  number={2},
  pages={597--606},
  year={2008},
  publisher={Wiley Online Library}
}

@INPROCEEDINGS{Pham2012, 
author={T. Q. Pham and P. Cox}, 
booktitle={2012 IEEE International Conference on Multimedia and Expo}, 
title={Multi-hypothesis Projection-Based Shift Estimation for Sweeping Panorama Reconstruction}, 
year={2012}, 
pages={97-102}, 
keywords={gradient methods;image reconstruction;motion estimation;natural scenes;video cameras;absolute gradient projection;global alignment;handheld camera;moving object analysis;multihypothesis projection-based shift estimation;pan-tilt camera;scene;sweeping panorama reconstruction;translation estimation;translational image motion analysis;Approximation algorithms;Cameras;Correlation;Estimation;Image reconstruction;Robustness;Software algorithms;image projection;shift estimation;sweep panorama}, 
doi={10.1109/ICME.2012.38}, 
ISSN={1945-7871}, 
month={July},}


@INPROCEEDINGS{Tsai1998, 
	author={Chun-Jen Tsai and Galatsanos, N.P. and Katsaggelos, AK.}, 
	booktitle={Image Processing, 1998. ICIP 98. Proceedings. 1998 International Conference on}, 
	title={Total least squares estimation of stereo optical flow}, 
	year={1998}, 
	month={Oct}, 
	volume={2}, 
	pages={622-626 vol.2}, 
	keywords={image sequences;least squares approximations;parameter estimation;stereo image processing;time-domain analysis;video signal processing;disparity assisted stereo optical flow estimation;experiments;flow fields estimation;locally constant flow model;optical flow equations;over-determined system;round-about compatibility constraint linearization;single channel optical flow estimation;time domain;total least squares estimation;video sequence;Brightness;Equations;Image motion analysis;Image sequences;Least squares approximation;Least squares methods;Optical noise;Parameter estimation;Uncertainty;Visual communication}, 
	doi={10.1109/ICIP.1998.723549},}

@incollection{Fashandi_2007,
	year={2007},
	isbn={978-3-540-76855-5},
	booktitle={Advances in Visual Computing},
	volume={4842},
	series={Lecture Notes in Computer Science},
	editor={Bebis, George and Boyle, Richard and Parvin, Bahram and Koracin, Darko and Paragios, Nikos and Tanveer, Syeda-Mahmood and Ju, Tao and Liu, Zicheng and Coquillart, Sabine and Cruz-Neira, Carolina and Müller, Torsten and Malzbender, Tom},
	doi={10.1007/978-3-540-76856-2_4},
	title={Optical Flow and Total Least Squares Solution for Multi-scale Data in an Over-Determined System},
	url={http://dx.doi.org/10.1007/978-3-540-76856-2_4},
	publisher={Springer Berlin Heidelberg},
	author={Fashandi, Homa and Fazel-Rezai, Reza and Pistorius, Stephen},
	pages={33-42},
	language={English}
}

@article{VanHuffel1993,
	year={1993},
	issn={1017-1398},
	journal={Numerical Algorithms},
	volume={4},
	number={1},
	doi={10.1007/BF02142742},
	title={An efficient Total Least Squares algorithm based on a rank-revealing two-sided orthogonal decomposition},
	url={http://dx.doi.org/10.1007/BF02142742},
	publisher={Baltzer Science Publishers, Baarn/Kluwer Academic Publishers},
	author={Van Huffel, Sabine and Zha, Hongyuan},
	pages={101-133},
	language={English}
}
@article{VanHuffel1990105,
	title = "Partial singular value decomposition algorithm ",
	journal = "Journal of Computational and Applied Mathematics ",
	volume = "33",
	number = "1",
	pages = "105 - 112",
	year = "1990",
	note = "",
	issn = "0377-0427",
	doi = "10.1016/0377-0427(90)90260-7",
	url = "http://www.sciencedirect.com/science/article/pii/0377042790902607",
	author = "Sabine Van Huffel"
}

@Article{Eckart1936,
author="Eckart, Carl
and Young, Gale",
title="The approximation of one matrix by another of lower rank",
journal="Psychometrika",
year="1936",
volume="1",
number="3",
pages="211--218",
abstract="The mathematical problem of approximating one matrix by another of lower rank is closely related to the fundamental postulate of factor-theory. When formulated as a least-squares problem, the normal equations cannot be immediately written down, since the elements of the approximate matrix are not independent of one another. The solution of the problem is simplified by first expressing the matrices in a canonic form. It is found that the problem always has a solution which is usually unique. Several conclusions can be drawn from the form of this solution.",
issn="1860-0980",
doi="10.1007/BF02288367",
url="http://dx.doi.org/10.1007/BF02288367"
}

@article{GOLUB1987,
title = "A generalization of the Eckart-Young-Mirsky matrix approximation theorem",
journal = "Linear Algebra and its Applications",
volume = "88",
number = "",
pages = "317 - 327",
year = "1987",
note = "",
issn = "0024-3795",
doi = "10.1016/0024-3795(87)90114-5",
url = "http://www.sciencedirect.com/science/article/pii/0024379587901145",
author = "G.H. Golub and Alan Hoffman and G.W. Stewart",

}

@article{VanHuffel1987313,
	title = "An efficient and reliable algorithm for computing the singular subspace of a matrix, associated with its smallest singular values ",
	journal = "Journal of Computational and Applied Mathematics ",
	volume = "19",
	number = "3",
	pages = "313 - 330",
	year = "1987",
	note = "",
	issn = "0377-0427",
	doi = "10.1016/0377-0427(87)90201-9",
	url = "http://www.sciencedirect.com/science/article/pii/0377042787902019",
	author = "Sabine Van Huffel and Joos Vandewalle and Ann Haegemans",
	keywords = "Singular value decomposition",
	keywords = "numerical linear algebra",
	keywords = "singular subspace",
	keywords = "total least squares",
	keywords = "(non)homogeneous equations",
	keywords = "null space "
}

@book{vhva:91,
	author = "Van Huffel, S.  and J.  Vandewalle",
	year = "1991",
	title = "The Total Least Squares Problem:  Computational Aspects
	and Analysis",
	publisher = "SIAM",
	address = "Philadelphia",
	kwds = "book, la, nla, stat, regr, total least squares, svd"
}
@article{do2012numerically,
	title={NUMERICALLY EFFICIENT METHODS FOR SOLVING LEAST SQUARES PROBLEMS},
	author={DO Q, LEE},
	year={2012}
}

@article{Shimojo1989619,
	title = "Occlusion and the solution to the aperture problem for motion",
	journal = "Vision Research",
	volume = "29",
	number = "5",
	pages = "619 - 626",
	year = "1989",
	note = "",
	issn = "0042-6989",
	doi = "10.1016/0042-6989(89)90047-3",
	url = "http://www.sciencedirect.com/science/article/pii/0042698989900473",
	author = "Shinsuke Shimojo and Gerald H. Silverman and Ken Nakayama",
	keywords = "Motion",
	keywords = "Aperture problem",
	keywords = "Stereopsis",
	keywords = "Occlusion",
	keywords = "Grouping",
	keywords = "Terminators"
} 

@INPROCEEDINGS{Simoncelli_1994, 
	author={Simoncelli, E.P.}, 
	booktitle={Image Processing, 1994. Proceedings. ICIP-94., IEEE International Conference}, 
	title={Design of multi-dimensional derivative filters}, 
	year={1994}, 
	month={Nov}, 
	volume={1}, 
	pages={790-794 vol.1}, 
	keywords={low-pass filters;multidimensional digital filters;signal sampling;derivative estimates;directional derivatives;lowpass prefilters;matched pairs;multi-dimensional derivative filters;multi-dimensional signal processing problems;signal gradients;Convolution;Information science;Interpolation;Kernel;Laboratories;Matched filters;Multidimensional signal processing;Optical signal processing;Signal processing;Signal processing algorithms}, 
	doi={10.1109/ICIP.1994.413423},}

@INPROCEEDINGS{Elad_1999, 
	author={Elad, M. and Teo, P. and Hel-Or, Y.}, 
	booktitle={Computer Vision, 1999. The Proceedings of the Seventh IEEE International Conference on}, 
	title={Optimal filters for gradient-based motion estimation}, 
	year={1999}, 
	month={}, 
	volume={1}, 
	pages={559-565 vol.1}, 
	keywords={filtering theory;image sequences;motion estimation;allocated filter length;estimation accuracy;gradient-based motion estimation;image characteristics;image intensities;image sequence;optical-flow;optimal derivative filters;optimal filters;prior knowledge;spatio-temporal derivatives;Brightness;Cities and towns;Computer science;Design methodology;Equations;Filters;Frequency estimation;Image sequences;Laboratories;Motion estimation}, 
	doi={10.1109/ICCV.1999.791272},}

@article{Robinson2005,
	title = "Bias minimizing filter design for gradient-based image registration ",
	journal = "Signal Processing: Image Communication ",
	volume = "20",
	number = "6",
	pages = "554 - 568",
	year = "2005",
	note = "Special Issue on Advanced Aspects of Motion Estimation Special Issue on Advanced Aspects of Motion Estimation ",
	issn = "0923-5965",
	doi = "10.1016/j.image.2005.03.010",
	url = "http://www.sciencedirect.com/science/article/pii/S0923596505000263",
	author = "Dirk Robinson and Peyman Milanfar",
	keywords = "Motion estimation",
	keywords = "Optical flow",
	keywords = "Bias",
	keywords = "Filter design "
}

@article{Eisenhart47,
 ISSN = {0006341X, 15410420},
 URL = {http://www.jstor.org/stable/3001534},
 author = {Churchill Eisenhart},
 journal = {Biometrics},
 number = {1},
 pages = {1-21},
 publisher = {[Wiley, International Biometric Society]},
 title = {The Assumptions Underlying the Analysis of Variance},
 volume = {3},
 year = {1947}
}


@Book{trefethen1997numerical,
	author = {Trefethen, Lloyd},
	title = {Numerical linear algebra},
	publisher = {Society for Industrial and Applied Mathematics},
	year = {1997},
	address = {Philadelphia, PA},
	isbn = {9780898713619}
}

@article{Curtiss43,
 ISSN = {00034851},
 URL = {http://www.jstor.org/stable/2235813},
 author = {J. H. Curtiss},
 journal = {The Annals of Mathematical Statistics},
 number = {2},
 pages = {107-122},
 publisher = {Institute of Mathematical Statistics},
 title = {On Transformations Used in the Analysis of Variance},
 volume = {14},
 year = {1943}
}


@article{Bartlett36,
 ISSN = {14666162},
 URL = {http://www.jstor.org/stable/2983678},
 author = {M. S. Bartlett},
 journal = {Supplement to the Journal of the Royal Statistical Society},
 number = {1},
 pages = {68-78},
 publisher = {[Wiley, Royal Statistical Society]},
 title = {The Square Root Transformation in Analysis of Variance},
 volume = {3},
 year = {1936}
}


@article{barlev88,
author = {Bar-Lev, Shaul K. and Enis, Peter}, 
title = {On the classical choice of variance stabilizing transformations and an application for a Poisson variate},
volume = {75}, 
number = {4}, 
pages = {803-804}, 
year = {1988}, 
doi = {10.1093/biomet/75.4.803}, 
abstract ={A simple method for obtaining a class of variance stabilizing transformations from a given normalizing transformation is presented. The method is based on Curtiss's (1943) classical results on such transformations. Illustrations are given for a Poisson variate.}, 
URL = {http://biomet.oxfordjournals.org/content/75/4/803.abstract}, 
journal = {Biometrika} 
}

@article{freeman1950,
author = "Freeman, Murray F. and Tukey, John W.",
doi = "10.1214/aoms/1177729756",
fjournal = "The Annals of Mathematical Statistics",
journal = "Ann. Math. Statist.",
month = "12",
number = "4",
pages = "607--611",
publisher = "The Institute of Mathematical Statistics",
title = "Transformations Related to the Angular and the Square Root",
url = "http://dx.doi.org/10.1214/aoms/1177729756",
volume = "21",
year = "1950"
}

@article{Tian_1986,
	author = {Tian, Qi and Huhns, Michael N},
	title = {Algorithms for subpixel registration},
	journal = {Comput. Vision Graph. Image Process.},
	issue_date = {Aug. 1986},
	volume = {35},
	number = {2},
	month = aug,
	year = {1986},
	issn = {0734-189X},
	pages = {220--233},
	numpages = {14},
	url = {http://dx.doi.org/10.1016/0734-189X(86)90028-9},
	doi = {10.1016/0734-189X(86)90028-9},
	acmid = {16517},
	publisher = {Academic Press Professional, Inc.},
	address = {San Diego, CA, USA},
}  

@book{gonzalez2008digital,
  title={Digital Image Processing},
  author={Gonzalez, R.C. and Woods, R.E.},
  isbn={9780131687288},
  lccn={2009289249},
  url={https://books.google.fr/books?id=8uGOnjRGEzoC},
  year={2008},
  publisher={Pearson/Prentice Hall}
}


@article{Maini2010,
  author    = {Raman Maini and
               Himanshu Aggarwal},
  title     = {A Comprehensive Review of Image Enhancement Techniques},
  journal   = {CoRR},
  volume    = {abs/1003.4053},
  year      = {2010},
  url       = {http://arxiv.org/abs/1003.4053},
  timestamp = {Mon, 05 Dec 2011 18:04:36 +0100},
  biburl    = {http://dblp.uni-trier.de/rec/bib/journals/corr/abs-1003-4053},
  bibsource = {dblp computer science bibliography, http://dblp.org}
}

@Article{Delon2004,
author="Delon, Julie",
title="Midway Image Equalization",
journal="Journal of Mathematical Imaging and Vision",
year="2004",
volume="21",
number="2",
pages="119--134",
abstract="Midway image equalization means any method giving to a pair of images the same histogram, while maintaining as much as possible their previous grey level dynamics. In this paper, we present an axiomatic analysis of image equalization which leads us to derive two possible methods. Both methods are then compared in theory and in practice for two reliability criteria, namely their effect on quantization noise and on the support of the Fourier spectrum. A mathematical analysis of the properties of the methods is performed. Their algorithms are described and they are tested on such typical pairs as satellite image stereo pairs and different photographs of a same painting.",
issn="1573-7683",
doi="10.1023/B:JMIV.0000035178.72139.2d",
url="http://dx.doi.org/10.1023/B:JMIV.0000035178.72139.2d"
}



@ARTICLE{Zitova03imageregistration,
	author = {Barbara Zitová and Jan Flusser},
	title = {Image registration methods: a survey},
	journal = {Image and Vision Computing},
	year = {2003},
	volume = {21},
	pages = {977--1000}
}

@article{Lowe2004,
	author = {Lowe, David G.},
	title = {Distinctive Image Features from Scale-Invariant Keypoints},
	journal = {Int. J. Comput. Vision},
	issue_date = {November 2004},
	volume = {60},
	number = {2},
	month = nov,
	year = {2004},
	issn = {0920-5691},
	pages = {91--110},
	numpages = {20},
	url = {http://dx.doi.org/10.1023/B:VISI.0000029664.99615.94},
	doi = {10.1023/B:VISI.0000029664.99615.94},
	acmid = {996342},
	publisher = {Kluwer Academic Publishers},
	address = {Hingham, MA, USA},
	keywords = {image matching, invariant features, object recognition, scale invariance},
} 

@ARTICLE{Reddy1996, 
	author={Reddy, B.S. and Chatterji, B.N.}, 
	journal={Image Processing, IEEE Transactions on}, title={An FFT-based technique for translation, rotation, and scale-invariant image registration}, 
	year={1996}, 
	month={aug}, 
	volume={5}, 
	number={8}, 
	pages={1266 -1271}, 
	keywords={FFT-based technique;Fourier rotational properties;Fourier scaling properties;image registration;phase correlation technique;random noise;robustness;rotation invariance;scaling invariance;translation invariance;correlation methods;fast Fourier transforms;image matching;image registration;random noise;}, 
	doi={10.1109/83.506761}, 
	ISSN={1057-7149},}


@article{szeliski2004sampling,
  title={Sampling the disparity space image},
  author={Szeliski, Richard and Scharstein, Daniel},
  journal={IEEE Transactions on Pattern Analysis and Machine Intelligence},
  volume={26},
  number={3},
  pages={419--425},
  year={2004},
  publisher={IEEE}
}

@article{Sabater_2011,
	author = {Sabater, N. and Morel, J.-M. and Almansa, A.},
	title = {How Accurate Can Block Matches Be in Stereo Vision?},
	journal = {SIAM J. Img. Sci.},
	issue_date = {February 2011},
	volume = {4},
	number = {1},
	month = mar,
	year = {2011},
	issn = {1936-4954},
	pages = {472--500},
	numpages = {29},
	url = {http://dx.doi.org/10.1137/100797849},
	doi = {10.1137/100797849},
	acmid = {2078715},
	publisher = {Society for Industrial and Applied Mathematics},
	address = {Philadelphia, PA, USA},
	keywords = {block-matching, noise error estimate, subpixel accuracy},
} 
@article{Fienup_97, 
	author = {J. R. Fienup}, 
	journal = {Appl. Opt.}, 
	keywords = {},
	number = {32}, 
	pages = {8352--8357}, 
	publisher = {OSA},
	title = {Invariant error metrics for image reconstruction}, 
	volume = {36}, 
	month = {Nov},
	year = {1997},
	url = {http://ao.osa.org/abstract.cfm?URI=ao-36-32-8352},
	doi = {10.1364/AO.36.008352},
	abstract = {Expressions are derived for the normalized root-mean-square error of an image relative to a reference image. Different versions of the error metric are invariant to different combinations of effects, including the image's (a) being multiplied by a real or complex-valued constant, (b) having a constant added to its phase, (c) being translated, or (d) being complex conjugated and rotated 180{\textdegree}. Invariance to these effects is particularly important for the phase-retrieval problem. One can also estimate the parameters of those effects. Similarly, two wave fronts can be compared, allowing for arbitrary constant (piston) and linear (tilt) phase terms. One can also include a weighting function. The relation between the error metric and other quality measures is derived.},
}

@ARTICLE{Stone_2001, 
	author={Stone, H.S. and Orchard, M.T. and Chang, E.-C. and Martucci, S.A.}, 
	journal={Geoscience and Remote Sensing, IEEE Transactions on}, 
	title={A fast direct Fourier-based algorithm for subpixel registration of images}, 
	year={2001}, 
	month={Oct}, 
	volume={39}, 
	number={10}, 
	pages={2235-2243}, 
	keywords={geophysical signal processing;geophysical techniques;image registration;interpolation;remote sensing;terrain mapping;algorithm;aliasing;fast direct Fourier based algorithm;geophysical measurement technique;image processing;image registration;image-to-image registration;land surface;remote sensing;spline interpolation;subpixel registration;terrain mapping;Fourier transforms;Fuses;Image registration;Interpolation;Iterative algorithms;Iterative methods;Lighting;National electric code;Pixel;Spline}, 
	doi={10.1109/36.957286}, 
	ISSN={0196-2892},}

@article{Kug75,
	author = {Kuglin, C. D. and Hines, D. C.},
	citeulike-article-id = {476148},
	journal = {IEEE Conference on Cybernetics and Society},
	key = {Kug75},
	keywords = {bibtex-import},
	pages = {163--165},
	posted-at = {2006-01-22 18:28:12},
	priority = {2},
	title = {{The phase correlation image alignment method}},
	year = {1975}
}

@ARTICLE{Tzimiropoulos2011, 
author={G. Tzimiropoulos and V. Argyriou and T. Stathaki}, 
journal={IEEE Transactions on Image Processing}, 
title={Subpixel Registration With Gradient Correlation}, 
year={2011}, 
volume={20}, 
number={6}, 
pages={1761-1767}, 
keywords={gradient methods;image registration;matrix algebra;2D gradient correlation matrix;LANDSAT;Levenberg-Marquardt algorithm;MRI data;image data;image statistics;image subpixel registration;Accuracy;Approximation methods;Correlation;Discrete Fourier transforms;Estimation;Frequency domain analysis;Kernel;Gradient correlation methods;subpixel image registration;Algorithms;Image Enhancement;Image Interpretation, Computer-Assisted;Pattern Recognition, Automated;Reproducibility of Results;Sensitivity and Specificity;Signal Processing, Computer-Assisted;Subtraction Technique}, 
doi={10.1109/TIP.2010.2095867}, 
ISSN={1057-7149}, 
month={June},}

@INPROCEEDINGS{Argyriou2004, 
author={V. Argyriou and T. Vlachos}, 
booktitle={Acoustics, Speech, and Signal Processing, 2004. Proceedings. (ICASSP '04). IEEE International Conference on}, 
title={Using gradient correlation for sub-pixel motion estimation of video sequences}, 
year={2004}, 
volume={3}, 
pages={iii-329-32 vol.3}, 
keywords={Gaussian noise;correlation methods;gradient methods;motion estimation;video signal processing;additive Gaussian noise;cross-correlation function maximization;fast transformation algorithms;frequency-domain motion estimation;phase correlation;spatial gradient cross-correlation function;sub-pixel accuracy;sub-pixel motion estimation;video sequences;Additive noise;Frequency domain analysis;Frequency response;Gaussian noise;Interpolation;Motion estimation;Performance analysis;Shape;Video compression;Video sequences}, 
doi={10.1109/ICASSP.2004.1326548}, 
ISSN={1520-6149}, 
month={May},}

@INPROCEEDINGS{Tzimiropoulos2016, 
author={G. Tzimiropoulos and V. Argyriou}, 
booktitle={2016 IEEE International Conference on Acoustics, Speech and Signal Processing (ICASSP)}, 
title={Gradient schemes for robust FFT-based motion estimation}, 
year={2016}, 
pages={1781-1785}, 
keywords={correlation methods;fast Fourier transforms;gradient methods;image matching;lighting;motion estimation;video coding;block matching;gradient-based correlation schemes;illumination invariant;robust FFT-based motion estimation;video coding;Correlation;Gain;Lighting;Motion estimation;Road transportation;Robustness;Video coding;block matching;correlation methods;motion estimation}, 
doi={10.1109/ICASSP.2016.7471983}, 
month={March},}

@INPROCEEDINGS{Fitch02orientationcorrelation,
    author = {A. J. Fitch and A. Kadyrov and W. J. Christmas and J. Kittler},
    title = {Orientation correlation},
    booktitle = {British Machine Vision Conference},
    year = {2002},
    pages = {133--142}
}

@inproceedings{Argyriou2006,
	title = {A study of sub-pixel motion estimation using phase correlation},
	author = {Argyriou, V. and Vlachos, T.},
	year = {2006},
	pages = {40.1-40.10},
	booktitle = {Proc. BMVC},
	isbn = {1-901725-32-4},
	note = {doi:10.5244/C.20.40}
}

@misc{rouge2011fine,
	title={Fine stereoscopic image matching and dedicated instrument having a low stereoscopic coefficient},
	author={Rouge, B. and Vadon, H. and Giros, A.},
	url={http://www.google.ch/patents/US8064687},
	year={2011},
	month=nov # "~22",
	publisher={Google Patents},
	note={US Patent 8,064,687}
}


@ARTICLE{FourierInt,
	author = {{Bernstein}, G.~M. and {Gruen}, D.},
	title = "{Resampling Images in Fourier Domain}",
	journal = {Publications of the Astronomical Society of the Pacific},
	archivePrefix = "arXiv",
	eprint = {1401.2636},
	primaryClass = "astro-ph.IM",
	year = 2014,
	month = mar,
	volume = 126,
	pages = {287-295},
	doi = {10.1086/675812},
}

@article{AnscombeVST,
	ISSN = {00063444},
	URL = {http://www.jstor.org/stable/2332343},
	author = {F. J. Anscombe},
	journal = {Biometrika},
	number = {3/4},
	pages = {246-254},
	publisher = {[Oxford University Press, Biometrika Trust]},
	title = {The Transformation of Poisson, Binomial and Negative-Binomial Data},
	volume = {35},
	year = {1948},
}


@ARTICLE{Makitalo2013, 
	author={M. Makitalo and A. Foi}, 
	journal={IEEE Transactions on Image Processing}, 
	title={Optimal Inversion of the Generalized Anscombe Transformation for Poisson-Gaussian Noise}, 
	year={2013}, 
	volume={22}, 
	number={1}, 
	pages={91-103}, 
	doi={10.1109/TIP.2012.2202675}, 
	ISSN={1057-7149}, 
	month={Jan},
}

@inproceedings{RaisMF15,
	author    = {Martin Rais and
	J.-M. Morel and
	Gabriele Facciolo},
	title     = {Iterative Gradient-Based Shift Estimation: To Multiscale or Not to
	Multiscale?},
	booktitle = {Progress in Pattern Recognition, Image Analysis, Computer Vision,
	and Applications - 20th Iberoamerican Congress, {CIARP} 2015, Montevideo,
	Uruguay, November 9-12, 2015, Proceedings},
	pages     = {416--423},
	year      = {2015},
	url       = {http://dx.doi.org/10.1007/978-3-319-25751-8_50},
	doi       = {10.1007/978-3-319-25751-8_50},
	timestamp = {Mon, 26 Oct 2015 15:15:24 +0100},
	biburl    = {http://dblp.uni-trier.de/rec/bib/conf/ciarp/RaisMF15},
	bibsource = {dblp computer science bibliography, http://dblp.org}
}

@book{DeBoor2001,
	author        = "De Boor, Carl",
	title         = "{A practical guide to splines; rev. ed.}",
	publisher     = "Springer",
	address       = "Berlin",
	series        = "Applied mathematical sciences",
	year          = "2001",
	url           = "https://cds.cern.ch/record/1428148",
}

@misc{MATERNE2012,
 author = {Materne, A. and Puig, O. and Kubik, Ph.},
 title = {Capteur d'images avec correction de boug\'{e} par recalage num\'{e}rique de prises de vue fractionn\'{e}es},
 year = {2012},
 note = {FR 2976754-A1},
 howpublished = {Patent},
 publisher = {CNES},
 nationality = {FR},
 IPC_class = {H04N 05/341, G01C 11/06, G06F 12/06},
}

@ARTICLE{keys1981, 
	author={R. Keys}, 
	journal={IEEE Transactions on Acoustics, Speech, and Signal Processing}, 
	title={Cubic convolution interpolation for digital image processing}, 
	year={1981}, 
	volume={29}, 
	number={6}, 
	pages={1153-1160}, 
	keywords={Boundary conditions;Convolution;Digital images;Image converters;Image processing;Image sampling;Interpolation;Kernel;Sampling methods;Signal processing algorithms}, 
	doi={10.1109/TASSP.1981.1163711}, 
	ISSN={0096-3518}, 
	month={Dec},}

@article{burt1983laplacian,
	title={The Laplacian pyramid as a compact image code},
	author={Burt, Peter J and Adelson, Edward H},
	journal={Communications, IEEE Transactions on},
	volume={31},
	number={4},
	pages={532--540},
	year={1983},
	publisher={IEEE}
}

@article{Morel2011sift,
	author = {Morel, Jean Michel and Yu, Guoshen},
	doi = {10.3934/ipi.2011.5.115},
	journal = {Inverse Problems and Imaging},
	keywords = {Aliasing,Gaussian blur,SIFT,Sampling theory,Scale invariance,Shannon interpolation,sift},
	number = {1},
	pages = {115--136},
	title = {{Is sift scale invariant?}},
	volume = {5},
	year = {2011}
}


@article{AguerrebereDBS16,
	author    = {Cecilia Aguerrebere and
	Mauricio Delbracio and
	Alberto Bartesaghi and
	Guillermo Sapiro},
	title     = {Fundamental Limits in Multi-image Alignment},
	journal   = {CoRR},
	volume    = {abs/1602.01541},
	year      = {2016},
	url       = {http://arxiv.org/abs/1602.01541},
	timestamp = {Tue, 01 Mar 2016 17:47:25 +0100},
	biburl    = {http://dblp.uni-trier.de/rec/bib/journals/corr/AguerrebereDBS16},
	bibsource = {dblp computer science bibliography, http://dblp.org}
}

@inproceedings{lewis1995fast,
	title={Fast normalized cross-correlation},
	author={Lewis, JP},
	booktitle={Vision interface},
	volume={10},
	number={1},
	pages={120--123},
	year={1995}
}


@article{gratadour2005sub,
	title={Sub-pixel image registration with a maximum likelihood estimator},
	author={Gratadour, D and Mugnier, LM and Rouan, D},
	journal={Astronomy \& Astrophysics},
	volume={443},
	number={1},
	pages={357--365},
	year={2005},
	publisher={EDP Sciences}
}


@article{Tarbell1981,
	author = {Tarbell, T. and Smithson, R.},
	journal = {Solar instrumentation: What's next? Proc. of a Conf.},
	mendeley-groups = {SH},
	title = {{A Simple Image Motion Compensation System for Solar Observations}},
	year = {1981}
}

@inproceedings{Sidick2011, 
	author = {Erkin Sidick}, 
	booktitle = {Imaging and Applied Optics}, 
	journal = {Imaging and Applied Optics},
	keywords = {Phase retrieval; Telescopes},
	pages = {CPDP1},
	publisher = {Optical Society of America},
	title = {Adaptive Periodic-Correlation Algorithm for Extended Scene {S}hack-{H}artmann Wavefront Sensing}, 
	year = {2011},
	doi = {10.1364/COSI.2011.CPDP1},
	abstract = {We present an adaptive periodic-correlation algorithm for extended-scene {S}hack-{H}artmann wavefront sensing. We show that it accurately measures very fine image shifts over many pixels under a variety of practical imaging conditions.},
}


@book{tyson2010principles,
	title={Principles of adaptive optics},
	author={Tyson, Robert},
	year={2010},
	publisher={CRC press}
}
@article{tyson2002bit,
	title={Bit-error rate for free-space adaptive optics laser communications},
	author={Tyson, Robert K},
	journal={JOSA A},
	volume={19},
	number={4},
	pages={753--758},
	year={2002},
	publisher={Optical Society of America}
}

@article{platt2001history,
	title={History and principles of {S}hack-{H}artmann wavefront sensing},
	author={Platt, Ben C and others},
	journal={Journal of Refractive Surgery},
	volume={17},
	number={5},
	pages={S573--S577},
	year={2001},
	publisher={SLACK INCORPORATED}
}

@article {Booth2829,
	author = {Booth, Martin J},
	title = {Adaptive optics in microscopy},
	volume = {365},
	number = {1861},
	pages = {2829--2843},
	year = {2007},
	doi = {10.1098/rsta.2007.0013},
	publisher = {The Royal Society},
	abstract = {The imaging properties of optical microscopes are often compromised by aberrations that reduce image resolution and contrast. Adaptive optics technology has been employed in various systems to correct these aberrations and restore performance. This has required various departures from the traditional adaptive optics schemes that are used in astronomy. This review discusses the sources of aberrations, their effects and their correction with adaptive optics, particularly in confocal and two-photon microscopes. Different methods of wavefront sensing, indirect aberration measurement and aberration correction devices are discussed. Applications of adaptive optics in the related areas of optical data storage, optical tweezers and micro/nanofabrication are also reviewed.},
	issn = {1364-503X},
	journal = {Philosophical Transactions of the Royal Society of London A: Mathematical, Physical and Engineering Sciences}
}

@article{Knutsson2005,
	abstract = {In this paper we investigate the performance of a Fourier based algorithm for fast subpixel shift determination of two mutually shifted images subjected to noise. The algorithm will be used for Shack-Hartmann based adaptive optics correction of images of an extended object subjected to dynamical atmospheric fluctuations. The performance of the algorithm is investigated both analytically and by Monte Carlo simulations. Good agreement is achieved in relation to how the precision of the shift estimate depends on image parameters such as contrast, photon counts and readout noise, as well as the dependence on sampling format, zero-padding and field of view. Compared to the conventional method for extended object wavefront sensing, a reduction of the computational cost is gained at a marginal expense of precision.},
	author = {Knutsson, Per and Owner-Petersen, Mette and Dainty, Chris},
	doi = {10.1364/OPEX.13.009527},
	file = {:Users/martinrais/Desktop/SHReferences/oe-13-23-9527.pdf:pdf},
	isbn = {doi:10.1364/OPEX.13.009527},
	issn = {1094-4087},
	journal = {Optics express},
	mendeley-groups = {SH},
	number = {23},
	pages = {9527--9536},
	pmid = {19503155},
	title = {{Extended object wavefront sensing based on the correlation spectrum phase.}},
	volume = {13},
	year = {2005}
}

@article{Sidick2008,
	abstract = {We present an adaptive cross-correlation algorithm for a large dynamic range extended-scene Shack-Hartmann wavefront sensor. We show that it accurately measures very fine image shifts over many pixels under a variety of practical imaging conditions.},
	author = {Sidick, Erkin and Green, Joseph J and Morgan, Rhonda M and Ohara, Catherine M and Redding, David C},
	doi = {10.1364/OL.33.000213},
	file = {:Users/martinrais/Desktop/SHReferences/2008 - Sidick - Adaptive cross-correlation algorithm for extended scene Shack–Hartmann wavefront sensing.pdf:pdf},
	isbn = {9781557529145},
	issn = {0146-9592},
	journal = {Optics letters},
	mendeley-groups = {SH},
	number = {3},
	pages = {213--215},
	pmid = {18246132},
	title = {{Adaptive cross-correlation algorithm for extended scene {S}hack-{H}artmann wavefront sensing.}},
	volume = {33},
	year = {2008}
}

@inproceedings{morgan2005testbed,
	title={Testbed for extended-scene {S}hack-{H}artmann and phase retrieval wavefront sensing},
	author={Morgan, Rhonda M and Shcheglov, Kirill V and Green, Joseph J and Ohara, Catherine M and Roberts, Jennifer and Sidick, Erkin},
	booktitle={Optics \& Photonics 2005},
	pages={59030I--59030I},
	year={2005},
	organization={International Society for Optics and Photonics}
}
@article{hoge2003subspace,
	title={A subspace identification extension to the phase correlation method [MRI application]},
	author={Hoge, William Scott},
	journal={Medical Imaging, IEEE Transactions on},
	volume={22},
	number={2},
	pages={277--280},
	year={2003},
	publisher={IEEE}
}
@article{robert2006scintillation,
	title={Scintillation and phase anisoplanatism in {S}hack-{H}artmann wavefront sensing},
	author={Robert, Cl{\'e}lia and Conan, Jean-Marc and Michau, Vincent and Fusco, Thierry and Vedrenne, Nicolas},
	journal={JOSA A},
	volume={23},
	number={3},
	pages={613--624},
	year={2006},
	publisher={Optical Society of America}
}
@article{rousset1999wave,
	title={Wave-front sensors},
	author={Rousset, Gerard},
	journal={Adaptive optics in astronomy},
	volume={1},
	pages={91},
	year={1999},
	publisher={Cambridge U. Press, Cambridge, UK}
}
@article{chen2000advances,
	title={Advances in very lightweight composite mirror technology},
	author={Chen, Peter C and Bowers, Charles W and Marzouk, Marzouk and Romeo, Robert C},
	journal={Optical Engineering},
	number={9},
	volume={39},
	pages={2320--2329},
	year={2000},
	publisher={International Society for Optics and Photonics}
}

@ARTICLE{2009Roopashree,
	author = {{Roopashree}, M. and {Vyas}, A. and {Raghavendra Prasad}, B},
	title = "{Performance analysis of Fourier and Vector Matrix Multiply methods for phase reconstruction from slope measurements}",
	journal = {ArXiv e-prints},
	archivePrefix = "arXiv",
	eprint = {0911.0813},
	primaryClass = "astro-ph.IM",
	keywords = {Astrophysics - Instrumentation and Methods for Astrophysics},
	year = 2009,
	month = nov,
	adsnote = {Provided by the SAO/NASA Astrophysics Data System}
}

@article{southwell1980wave,
	title={Wave-front estimation from wave-front slope measurements},
	author={Southwell, William H},
	journal={JOSA},
	volume={70},
	number={8},
	pages={998--1006},
	year={1980},
	publisher={Optical Society of America}
}
@article{herrmann1980least,
	title={Least-squares wave front errors of minimum norm},
	author={Herrmann, Jan},
	journal={JOSA},
	volume={70},
	number={1},
	pages={28--35},
	year={1980},
	publisher={Optical Society of America}
}

@article{Poyneer_02, 
	author = {Lisa A. Poyneer and Donald T. Gavel and James M. Brase}, 
	journal = {J. Opt. Soc. Am. A}, 
	keywords = {Atmospheric and oceanic optics ; Active or adaptive optics},
	number = {10}, 
	pages = {2100--2111}, 
	publisher = {OSA},
	title = {Fast wave-front reconstruction in large adaptive optics systems with use of the {F}ourier transform}, 
	volume = {19}, 
	month = {Oct},
	year = {2002},
	doi = {10.1364/JOSAA.19.002100},
	abstract = {Wave-front reconstruction with the use of the fast Fourier transform (FFT) and spatial filtering is shown to be computationally tractable and sufficiently accurate for use in large Shack--Hartmann-based adaptive optics systems (up to at least 10,000 actuators). This method is significantly faster than, and can have noise propagation comparable with that of, traditional vector--matrix-multiply reconstructors. The boundary problem that prevented the accurate reconstruction of phase in circular apertures by means of square-grid Fourier transforms (FTs) is identified and solved. The methods are adapted for use on the Fried geometry. Detailed performance analysis of mean squared error and noise propagation for FT methods is presented with the use of both theory and simulation.},
}


@article{wizinowich2000first,
	author = {Wizinowich, P and others},
	authorX={Wizinowich, P and Acton, DS and Shelton, C and Stomski, P and Gathright, J and Ho, K and Lupton, W and Tsubota, K and Lai, O and Max, C and others},  
	title = {{First light adaptive optics images from the Keck II telescope: a new era of high angular resolution imagery}},
	journal = {{Publications of the Astronomical Society of the Pacific}},
	volume = {112},
	number = {769},
	year = {2000},
	publisher = {JSTOR},
}



@article{lofdahl2010evaluation,
	author={L{\"o}fdahl, Mats G},
	journal={Astronomy \& Astrophysics},
	title = {Evaluation of image-shift measurement algorithms for solar {S}hack-{H}artmann wavefront sensors},
	volume={524},
	pages={A90},
	year={2010},
	publisher={EDP Sciences}
}

@article{Green1999,
	abstract = {We examine methods for preprocessing a collection of atmospheric turbulence-degraded short-exposure imagery to improve the resolving power of estimation algorithms. We redefine the method known as frame selection in the context of optimizing estimation results. We compare several measures of image quality with idealized standards, demonstrating their relative ability to rank highly the least-degraded image frames. In particular, we find the Fisher information measure to be the most noise tolerant and robust frame-selection measure. We then examine the resolving implication of removing additive background noise resulting from the sky and telescope. Specifically, we show that background compensation acts as a de facto restoration of the compact object support and leads to furthering the resolving power of estimation methods. Results from simulated imaging scenarios demonstrate the improved ability of a multiframe maximum a posteriori estimator to restore the passband object distribution as well as to further recover the lost spectral content residing beyond the diffraction limit.},
	author = {Green, J. J. and Hunt, B. R.},
	doi = {10.1364/JOSAA.16.002859},
	issn = {1084-7529},
	journal = {Journal of the Optical Society of America A},
	keywords = {Deconvolution,Digital image processing,Image reconstruction-restoration,Inverse problems,Superresolution},
	language = {EN},
	mendeley-groups = {SH},
	month = dec,
	number = {12},
	pages = {2859},
	publisher = {Optical Society of America},
	title = {{Improved restoration of space object imagery}},
	volume = {16},
	year = {1999}
}

@MISC{SQRTROOT,
author = {Mahmoud Hesham El-Magdoub},
title = {Best Square Root Method - Algorithm - Function (Precision VS Speed)},
month = Sep,
year = {2010},
howpublished={\url{http://www.codeproject.com/Articles/69941/Best-Square-Root-Method-Algorithm-Function-Precisi}}
}


@article{sijbers1996quantification,
	title={Quantification and improvement of the signal-to-noise ratio in a magnetic resonance image acquisition procedure},
	author={Sijbers, Jan and Scheunders, Paul and Bonnet, Noel and Van Dyck, Dirk and Raman, Erik},
	journal={Magnetic Resonance Imaging},
	volume={14},
	number={10},
	pages={1157--1163},
	year={1996},
	publisher={Elsevier}
}


@article{poyneer2003scene,
	title={Scene-based {S}hack-{H}artmann wave-front sensing: analysis and simulation},
	author={Poyneer, Lisa A},
	journal={Applied Optics},
	volume={42},
	number={29},
	pages={5807--5815},
	year={2003},
	publisher={Optical Society of America}
}

@Book{hayashi2000econometrics,
 author = {Hayashi, Fumio},
 title = {Econometrics},
 publisher = {Princeton University Press},
 year = {2000},
 address = {Princeton},
 isbn = {0-691-01018-8}
 }
 
@ARTICLE{Dvornychenko83,
author={Dvornychenko, V. N.},
journal={IEEE Trans. on Pattern Analysis and Machine Intelligence},
title={Bounds on (Deterministic) Correlation Functions with Application to Registration},
year={1983},
volume={PAMI-5},
number={2},
pages={206-213},
keywords={Autocorrelation;Equations;Image analysis;Pattern matching;Probability distribution;Shape;Signal processing;Statistical analysis;Stochastic processes;Transforms;Autocorrelation;correlation;inequalities;registration},
doi={10.1109/TPAMI.1983.4767373},
ISSN={0162-8828},}
	
@BOOK{CNES2012,
title={Satellite Imagery from Acquisition Principles to Processing of Optical Images for Observing the Earth},
author={Fourest, S. and  Briottet, X.  and Lier, Ph.  and  Valorge, Ch. },
publisher={C\'{e}paduès \'{E}ditions},
year={2012},
month={10},
isbn={9782364930360},
price={EUR 66,00},
totalpages={492},
timestamp={2014.01.28},
}
@ARTICLE{2012LPICo1679,
   author = {{Bergstrom}, J.~W. and {Dissly}, R.~W. and {Delamere}, W.~A. and
	{McEwen}, A. and {Keszthelyi}, L.},
    title = "{High-Resolution Multi-Color Pushbroom Imagers for Mars Surface Characterization and Landing Safety}",
  journal = {LPI Contributions},
     year = 2012,
    month = jun,
   volume = 1679,
      eid = {4332},
    pages = {4332},
	}
	

@inproceedings{Sidick2007Adaptive,
	author = {Sidick, E. and Morgan, R. and Green, J. and Ohara, C. and Redding, D.},
	booktitle = {UV/Optical/IR Space Telescopes: Innovative Technologies and Concepts III},
	doi = {10.1117/12.735030},
	editor = {MacEwen, Howard A. and Breckinridge, James B.},
	file = {:Users/martinrais/Desktop/SHReferences/SPIE07\_66871O.pdf:pdf},
	keywords = {adaptive optics,extended scene,remote imaging,shack-hartmann sensor,wave-front sensing and control},
	mendeley-groups = {SH},
	month = sep,
	pages = {668710--668711},
	title = {{Adaptive Cross-Correlation Algorithm and Experiment of Extended Scene {S}hack-{H}artmann Wavefront Sensing}},
	volume = {6687},
	year = {2007}
}

@incollection{Sidick2007,
	author = {Sidick, E. and others},
	booktitle = {Adaptive Optics: Methods, Analysis and Applications},
	publisherX = {Optical Society of America},
	publisher = {OSA},
	title = {{An Adaptive cross-correlation algorithm for extended scene {S}hack-{H}artmann wavefront sensing}},
	year = {2007}
}

@ARTICLE{Mikolajczyk_2005, 
author={K. Mikolajczyk and C. Schmid}, 
journal={IEEE Transactions on Pattern Analysis and Machine Intelligence}, 
title={A performance evaluation of local descriptors}, 
year={2005}, 
volume={27}, 
number={10}, 
pages={1615-1630}, 
keywords={correlation methods;filtering theory;image classification;image matching;complex filters;cross-correlation;image matching;image transformations;local descriptors;moment invariants;performance evaluation;spin images;steerable filters;Detectors;Filters;Image databases;Image recognition;Image retrieval;Information retrieval;Layout;Performance evaluation;Robustness;Spatial databases;Index Terms- Local descriptors;interest points;interest regions;invariance;matching;recognition.;Algorithms;Artificial Intelligence;Computer Simulation;Data Interpretation, Statistical;Image Enhancement;Image Interpretation, Computer-Assisted;Information Storage and Retrieval;Models, Statistical;Pattern Recognition, Automated;Software;Software Validation}, 
doi={10.1109/TPAMI.2005.188}, 
ISSN={0162-8828}, 
month={Oct},}

@article{bay2008speeded,
  title={Speeded-up robust features (SURF)},
  author={Bay, Herbert and Ess, Andreas and Tuytelaars, Tinne and Van Gool, Luc},
  journal={Computer vision and image understanding},
  volume={110},
  number={3},
  pages={346--359},
  year={2008},
  publisher={Elsevier}
}

@inproceedings{forssen2007shape,
  title={Shape descriptors for maximally stable extremal regions},
  author={Forss{\'e}n, Per-Erik and Lowe, David G},
  booktitle={2007 IEEE 11th International Conference on Computer Vision},
  pages={1--8},
  year={2007},
  organization={IEEE}
}

@article{belongie2002shape,
  title={Shape matching and object recognition using shape contexts},
  author={Belongie, Serge and Malik, Jitendra and Puzicha, Jan},
  journal={IEEE transactions on pattern analysis and machine intelligence},
  volume={24},
  number={4},
  pages={509--522},
  year={2002},
  publisher={IEEE}
}

@book{brunelli2009template,
  title={Template Matching Techniques in Computer Vision: Theory and Practice},
  author={Brunelli, R.},
  isbn={9780470517062},
  lccn={2008052237},
  url={https://books.google.fr/books?id=TlnWjwEACAAJ},
  year={2009},
  publisher={Wiley}
}

@inproceedings{matas2002robust,
   title = {Robust Wide Baseline Stereo from Maximally Stable Extremal Regions},
   author = {Matas, J. and Chum, O. and Urban, M. and Pajdla, T.},
   year = {2002},
   pages = {36.1-36.10},
   booktitle = {Proceedings of the British Machine Vision Conference},
   publisher = {BMVA Press},
   editors = {Marshall, David and Rosin, Paul L.},
   isbn = {1-901725-19-7},
   note = {doi:10.5244/C.16.36}
}

@article{matas2004robust,
  title={Robust wide-baseline stereo from maximally stable extremal regions},
  author={Matas, Jiri and Chum, Ondrej and Urban, Martin and Pajdla, Tom{\'a}s},
  journal={Image and vision computing},
  volume={22},
  number={10},
  pages={761--767},
  year={2004},
  publisher={Elsevier}
}
@article{daubechies2010iteratively,
  title={Iteratively reweighted least squares minimization for sparse recovery},
  author={Daubechies, Ingrid and DeVore, Ronald and Fornasier, Massimo and G{\"u}nt{\"u}rk, C Sinan},
  journal={Communications on Pure and Applied Mathematics},
  volume={63},
  number={1},
  pages={1--38},
  year={2010},
  publisher={Wiley Online Library}
}

@article{Soummer_07, 
author = {R. Soummer and L. Pueyo and A. Sivaramakrishnan and R. J. Vanderbei}, 
journal = {Opt. Express}, 
keywords = {Astronomical optics; Discrete optical signal processing ; Fractional Fourier transforms ; Ultrafast processing ; Active or adaptive optics},
number = {24}, 
pages = {15935--15951}, 
publisher = {OSA},
title = {Fast computation of Lyot-style coronagraph propagation}, 
volume = {15}, 
month = {Nov},
year = {2007},
url = {http://www.opticsexpress.org/abstract.cfm?URI=oe-15-24-15935},
doi = {10.1364/OE.15.015935},
abstract = {We present a new method for numerical propagation through Lyot-style coronagraphs using finite occulting masks. Standard methods for coronagraphic simulations involve Fast Fourier Transforms (FFT) of very large arrays, and computing power is an issue for the design and tolerancing of coronagraphs on segmented Extremely Large Telescopes (ELT) in order to handle both the speed and memory requirements. Our method combines a semi-analytical approach with non-FFT based Fourier transform algorithms. It enables both fast and memory-efficient computations without introducing any additional approximations. Typical speed improvements based on computation costs are of about ten to fifty for propagations from pupil to Lyot plane, with thirty to sixty times less memory needed. Our method makes it possible to perform numerical coronagraphic studies even in the case of ELTs using a contemporary commercial laptop computer, or any standard commercial workstation computer.},
}



@article{Levenberg_1944,
 ISSN = {0033569X, 15524485},
 URL = {http://www.jstor.org/stable/43633451},
 author = {Kenneth Levenberg},
 journal = {Quarterly of Applied Mathematics},
 number = {2},
 pages = {164-168},
 publisher = {Brown University},
 title = {A METHOD FOR THE SOLUTION OF CERTAIN NON-LINEAR PROBLEMS IN LEAST SQUARES},
 volume = {2},
 year = {1944}
}


@inproceedings{sidick2008dependence,
	title={Dependence of adaptive cross-correlation algorithm performance on the extended scene image quality},
	author={Sidick, Erkin},
	booktitle={Proc. SPIE},
	volume={7093},
	pages={70930G1},
	year={2008}
}

@article{Alba_2015,
title = "Phase correlation with sub-pixel accuracy: A comparative study in 1D and 2D ",
journal = "Computer Vision and Image Understanding ",
volume = "137",
number = "",
pages = "76 - 87",
year = "2015",
note = "",
issn = "1077-3142",
doi = "10.1016/j.cviu.2015.03.011",
url = "http://www.sciencedirect.com/science/article/pii/S1077314215000685",
author = "Alfonso Alba and J. Flavio Vigueras-Gomez and Edgar R. Arce-Santana and Ruth M. Aguilar-Ponce",
keywords = "Phase correlation",
keywords = "Sub-pixel accuracy",
keywords = "Rigid image registration",
keywords = "Motion estimation ",
}



@techreport{reed2010comparison,
  title={Comparison of subpixel phase correlation methods for image registration},
  author={Reed, RA},
  year={2010},
  institution={DTIC Document}
}

@inproceedings{michau2006shack,
	title={Shack-{H}artmann wavefront sensing with extended sources},
	author={Michau, V. and Conan, J.-M. and Fusco, T. and Nicolle, M. and Robert, C. and Velluet, M.-T. and Piganeau, E.},
	booktitle={SPIE Optics+Photonics},
	pages={63030B--63030B},
	year={2006},
	organization={SPIE},
	organizationX={International Society for Optics and Photonics},
}
@inproceedings{michau1993wavefront,
	title={Wavefront sensing from extended sources},
	author={Michau, V. and Rousset, G. and Fontanella, J.},
	booktitle={Real Time and Post Facto Solar Image Correction},
	volume={1},
	pages={124},
	year={1993}
}


@inproceedings{Laubier2014,
	AddressX = {TENERIFE, Spain},
	Author = {Bonnefois, A. and others},
	Booktitle = {{ICSO 2014}},
	Hal_Id = {hal-01087684},
	Hal_Version = {v1},
	Keywords = {ANALYSE FRONT ONDE ; SHACK-HARTMANN ; DIVERSITE PHASE},
	Month = Oct,
	Pdf = {https://hal.archives-ouvertes.fr/hal-01087684/file/DOTA14063.1412949806.pdf},
	Title = {{Comparative theoretical and experimental study of a {S}hack-{H}artmann and a Phase Diversity Sensor, for high-precision wavefront sensing dedicated to Space Active Optics}},
	Year = {2014},
}	
@book{bracewell2000fourier,
	title={The Fourier Transform and Its Applications},
	author={Bracewell, R.N.},
	isbn={9780073039381},
	lccn={99021139},
	series={Electrical engineering series},
	year={2000},
	publisher={McGraw Hill}
	}

@proceeding{Escolle2014,
	author = {Escolle, C. and Hugot, E. and Fusco, T. and Ferrari, M. and Michau, V. and Bret-Dibat, T.},
	title = {
	Adapting large lightweight primary mirror to space active optics capabilities
	},
	journal = {Proc. SPIE},
	volume = {9151},
	number = {},
	pages = {915128-915128-6},
	abstract = {
	The next generation of space telescope will use large primary mirrors to achieve high angular resolution. Due
	to weight constrain, these large mirrors will have a very low mass per unit area. This ultra-light-weighting
	leads to deformations of the primary mirror optical surface due to gravity load difference between ground and
	space. Active Optics systems then become essential to maintain the quality of the output wavefront. The
	supporting structures and surface quality specifications of the mirror must be optimized regarding the active
	optics capabilities. The case of a two meters lightweight primary mirror will be presented.
	},
	year = {2014},
	doi = {10.1117/12.2055782},
	URL = { http://dx.doi.org/10.1117/12.2055782},
	eprint = {}
}	
	
	@article{Vedrenne2007,
	abstract = {Anisoplanatism limits the correction field of adaptive optics (AO). In the case of Shack-Hartmann measurement performed on extended sources it may also strongly affect wavefront estimation accuracy. An analytical formalism has been previously proposed to quantify anisoplanatism slope measurement error. It is exploited here to derive the most relevant quantity in AO, the wavefront error. Analytical and end-to-end simulation results are compared in three cases: solar observation, weakly perturbed near-to-ground observation, and strongly perturbed near-to-ground observation. In every case, anisoplanatism wavefront error takes significant values. The accuracy of the analytical model is investigated in detail. Three contributions to the slope error previously identified are considered: phase anisoplanatism, scintillation anisoplanatism, and coupling between scintillation and phase anisoplanatism. The influence of both scintillation and coupling contributions to the wavefront error is confirmed here.},
	author = {V\'{e}drenne, Nicolas and Michau, Vincent and Robert, Cl\'{e}lia and Conan, Jean-Marc},
	doi = {10.1364/JOSAA.24.002980},
	issn = {1084-7529},
	journal = {Journal of the Optical Society of America A},
	keywords = {Active or adaptive optics,Atmospheric turbulence,Wave-front sensing},
	language = {EN},
	month = sep,
	number = {9},
	pages = {2980},
	publisher = {Optical Society of America},
	title = {{{S}hack-{H}artmann wavefront estimation with extended sources: anisoplanatism influence}},
	volume = {24},
	year = {2007}
	}
	
	@inproceedings{Poyneer2005,
	author = {Poyneer, Lisa A. and Palmer, David W. and LaFortune, Kai N. and Bauman, Brian},
	booktitle = {Optics \& Photonics 2005},
	doi = {10.1117/12615231},
	editor = {Gruneisen, Mark T. and Gonglewski, John D. and Giles, Michael K.},
	mendeley-groups = {SH},
	month = aug,
	pages = {58940N--58940N--142},
	publisher = {International Society for Optics and Photonics},
	title = {{Experimental results for correlation-based wavefront sensing}},
	year = {2005}
	}
	
	@article{behera2012wavefront,
	title={Wavefront Sensing of Extended sources},
	author={Behera, Satya Ranjan},
	year={2012},
	publisher={Indian Institute of Astrophysics}
	}
	
	@misc{wirth2003ophthalmic,
	title={Ophthalmic instrument having {H}artmann wavefront sensor with extended source},
	author={Wirth, A.},
	year={2003},
	month=jul # "~22",
	publisher={Google Patents},
	note={US Patent 6,595,642}
	}
	

	@ARTICLE{Robinson2004, 
	author={Robinson, D. and Milanfar, P.}, 
	journal={Image Processing, IEEE Transactions on}, 
	title={Fundamental performance limits in image registration}, 
	year={2004}, 
	month={Sept}, 
	volume={13}, 
	number={9}, 
	pages={1185-1199}, 
	keywords={computer vision;error analysis;gradient methods;image registration;image sequences;motion estimation;computer vision;error analysis;gradient-based estimator;image processing;image registration;motion estimation;optical flow;Computer vision;Error analysis;Gradient methods;Image motion analysis;Image processing;Image registration;Image sequences;Motion estimation;Object recognition;Performance evaluation;Algorithms;Computer Simulation;Image Enhancement;Image Interpretation, Computer-Assisted;Imaging, Three-Dimensional;Information Storage and Retrieval;Models, Statistical;Pattern Recognition, Automated;Reproducibility of Results;Sensitivity and Specificity;Signal Processing, Computer-Assisted;Subtraction Technique}, 
	doi={10.1109/TIP.2004.832923}, 
	ISSN={1057-7149},}
	
	
	@article{VanHuffel1993,
	year={1993},
	issn={1017-1398},
	journal={Numerical Algorithms},
	volume={4},
	number={1},
	doi={10.1007/BF02142742},
	title={An efficient Total Least Squares algorithm based on a rank-revealing two-sided orthogonal decomposition},
	publisher={Baltzer Science Publishers, Baarn/Kluwer Academic Publishers},
	author={Van Huffel, Sabine and Zha, Hongyuan},
	pages={101-133},
	language={English}
	}
	@article{VanHuffel1990105,
	title = "Partial singular value decomposition algorithm ",
	journal = "Journal of Computational and Applied Mathematics ",
	volume = "33",
	number = "1",
	pages = "105 - 112",
	year = "1990",
	note = "",
	issn = "0377-0427",
	doi = "10.1016/0377-0427(90)90260-7",
	author = "Sabine Van Huffel"
	}
	
	@article{VanHuffel1987313,
	title = "An efficient and reliable algorithm for computing the singular subspace of a matrix, associated with its smallest singular values ",
	journal = "Journal of Computational and Applied Mathematics ",
	volume = "19",
	number = "3",
	pages = "313 - 330",
	year = "1987",
	note = "",
	issn = "0377-0427",
	doi = "10.1016/0377-0427(87)90201-9",
	author = "Sabine Van Huffel and Joos Vandewalle and Ann Haegemans",
	keywords = "Singular value decomposition",
	keywords = "numerical linear algebra",
	keywords = "singular subspace",
	keywords = "total least squares",
	keywords = "(non)homogeneous equations",
	keywords = "null space "
	}
	
@inproceedings{christmas1998spatial,
  title={Spatial Filtering Requirements for Gradient-Based Optical Flow Measurement.},
  author={Christmas, William J},
  booktitle={BMVC},
  pages={1--10},
  year={1998}
}	
	@article{christmas2000filtering,
  title={Filtering requirements for gradient-based optical flow measurement},
  author={Christmas, William J},
  journal={IEEE Transactions on Image Processing},
  volume={9},
  number={10},
  pages={1817--1820},
  year={2000}
}
	
@article{farid2004differentiation,
  title={Differentiation of discrete multidimensional signals},
  author={Farid, Hany and Simoncelli, Eero P},
  journal={IEEE Transactions on Image Processing},
  volume={13},
  number={4},
  pages={496--508},
  year={2004},
  publisher={IEEE}
}
	
@Article{Chao2014,
author="Chao, Haiyang
and Gu, Yu
and Napolitano, Marcello",
title="A Survey of Optical Flow Techniques for Robotics Navigation Applications",
journal="Journal of Intelligent {\&} Robotic Systems",
year="2014",
volume="73",
number="1",
pages="361--372",
abstract="Optical flow has been widely used by insects and birds to support navigation functions. Such information has appealing capabilities for application to ground and aerial robots, especially for navigation and collision avoidance in urban or indoor areas. The purpose of this paper is to provide a survey of existing optical flow techniques for robotics navigation applications. Detailed comparisons are made among different optical-flow-aided navigation solutions with emphasis on the sensor hardware as well as optical flow motion models. A summary of current research status and future research directions are further discussed.",
issn="1573-0409",
doi="10.1007/s10846-013-9923-6",
url="http://dx.doi.org/10.1007/s10846-013-9923-6"
}

@Inbook{Weickert2006,
author="Weickert, Joachim
and Bruhn, Andr{\'e}s
and Brox, Thomas
and Papenberg, Nils",
editor="Scherzer, Otmar",
title="A Survey on Variational Optic Flow Methods for Small Displacements",
bookTitle="Mathematical Models for Registration and Applications to Medical Imaging",
year="2006",
publisher="Springer Berlin Heidelberg",
address="Berlin, Heidelberg",
pages="103--136",
isbn="978-3-540-34767-5",
doi="10.1007/978-3-540-34767-5_5",
url="http://dx.doi.org/10.1007/978-3-540-34767-5_5"
}


@article{beauchemin1995computation,
  title={The computation of optical flow},
  author={Beauchemin, Steven S. and Barron, John L.},
  journal={ACM computing surveys (CSUR)},
  volume={27},
  number={3},
  pages={433--466},
  year={1995},
  publisher={ACM}
}
	
	@book{vhva:91,
	author = "Van Huffel, S.  and J.  Vandewalle",
	year = "1991",
	title = "The Total Least Squares Problem:  Computational Aspects
	and Analysis",
	publisher = "SIAM",
	address = "Philadelphia",
	kwds = "book, la, nla, stat, regr, total least squares, svd"
	}
	@article{do2012numerically,
	title={NUMERICALLY EFFICIENT METHODS FOR SOLVING LEAST SQUARES PROBLEMS},
	author={DO Q, LEE},
	year={2012}
	}
	@ARTICLE{NG2001, 
	author={Ng, L. and Solo, V.}, 
	journal={Image Processing, IEEE Transactions on}, 
	title={Errors-in-variables modeling in optical flow estimation}, 
	year={2001}, 
	month={Oct}, 
	volume={10}, 
	number={10}, 
	pages={1528-1540}, 
	keywords={finite difference methods;gradient methods;image sequences;motion estimation;EIV problem;EIVM;SURE;Stein's unbiased risk estimators;data-driven method;errors-in-variables modeling;finite difference methods;gradient-based optical flow estimation methods;neighborhood size;optical flow estimation;optical flow estimation method;smoothing parameter;spatial derivative estimates;Associate members;Australia Council;Biomedical optical imaging;Brightness;Finite difference methods;Image motion analysis;Least squares methods;Maximum likelihood estimation;Motion estimation;Optical noise}, 
	doi={10.1109/83.951538}, 
	ISSN={1057-7149},}

	
	@Book{trefethen1997numerical,
	author = {Trefethen, Lloyd},
	title = {Numerical linear algebra},
	publisher = {Society for Industrial and Applied Mathematics},
	year = {1997},
	address = {Philadelphia, PA},
	isbn = {9780898713619}
	}
	
	@article{ying2006phase,
	title={Phase unwrapping},
	author={Ying, Leslie},
	journal={Wiley Encyclopedia of Biomedical Engineering},
	year={2006},
	publisher={Wiley Online Library}
	}
	@inproceedings{mort1988maximum,
	title={Maximum likelihood image registration with subpixel accuracy},
	author={Mort, Michael S and Srinath, MD},
	booktitle={32nd Annual Technical Symp.},
	pages={38--45},
	year={1988},
	organization={International Society for Optics and Photonics}
	}
	
	@BOOK{SASPWEB2011,
	AUTHOR = "Julius O. Smith",
	TITLE = "Spectral Audio Signal Processing",
	PUBLISHER = "\htmladdnormallink{\texttt{http:}}{http://ccrma.stanford.edu/~jos/sasp/}\texttt{//\-ccrma.stanford.edu/\-\~{}jos/\-sasp/}",
        NOTE = "online book, 2011 edition"
}
@INPROCEEDINGS{Balci_2005, 
author={M. Balci and H. Foroosh}, 
booktitle={IEEE International Conference on Image Processing 2005}, 
title={Estimating sub-pixel shifts directly from the phase difference}, 
year={2005}, 
volume={1}, 
pages={I-1057-60}, 
keywords={estimation theory;image processing;matrix algebra;multidimensional signal processing;2-dimensional sawtooth signal;discrete phase-difference matrix;generalized cross validation;sub-pixel shifts estimation;Computer science;Equations;Fourier transforms;Frequency;Image resolution;Magnetic resonance imaging;Phase estimation;Signal resolution;Synthetic aperture radar;Transmission line matrix methods}, 
doi={10.1109/ICIP.2005.1529936}, 
ISSN={1522-4880}, 
month={Sept},}

@techreport{hough1962method,
  title={Method and means for recognizing complex patterns},
  author={Hough, Paul VC},
  year={1962}
}
	@INPROCEEDINGS{Shekarforoush_96, 
author={H. Shekarforoush and M. Berthod and J. Zerubia}, 
booktitle={Computer Vision and Pattern Recognition, 1996. Proceedings CVPR '96, 1996 IEEE Computer Society Conference on}, 
title={Subpixel image registration by estimating the polyphase decomposition of cross power spectrum}, 
year={1996}, 
pages={532-537}, 
keywords={correlation methods;image registration;Dirac delta function;cross power spectrum;image registration;interpolation;luminance;phase correlation;polyphase decomposition;subpixel accuracy;Correlation;Fourier transforms;Image motion analysis;Image registration;Image sequence analysis;Interpolation;Motion estimation;Noise robustness;Phase noise;Pixel}, 
doi={10.1109/CVPR.1996.517123}, 
ISSN={1063-6919}, 
month={Jun},}

	
	@book{ghiglia1998two,
	title={Two-dimensional phase unwrapping: theory, algorithms, and software},
	author={Ghiglia, Dennis C and Pritt, Mark D},
	volume={4},
	year={1998},
	publisher={Wiley New York}
	}
	@ARTICLE{Foroosh2002, 
	author={Foroosh, H. and Zerubia, J.B. and Berthod, M.}, 
	journal={Image Processing, IEEE Transactions on}, title={Extension of phase correlation to subpixel registration}, 
	year={2002}, 
	month={mar}, 
	volume={11}, 
	number={3}, 
	pages={188 -200}, 
	keywords={analytic expressions;closed-form solution;coherent peaks;downsampled images;error analysis;filtered unit impulse;image sequence;phase correlation;polyphase transform;signal power;subpixel registration;subpixel translation estimation;correlation methods;error analysis;image registration;image sampling;image sequences;}, 
	doi={10.1109/83.988953}, 
	ISSN={1057-7149},}
	
	@ARTICLE{Takita2003,
	author = {Kenji Takita and Takafumi Aoki and Yoshifumi Sasaki and Tatsuo Higuchi
	and Koji Kobayashi},
	title = {{High-Accuracy Subpixel Image Registration Based on Phase-Only Correlation}},
	year = {2003},
	masid = {6145994},
	journal={IEICE transactions on fundamentals of electronics, communications and computer sciences},
	volume={86},
	number={8},
	pages={1925--1934},
	year={2003},
	publisher={The Institute of Electronics, Information and Communication Engineers}	
	}
	
	@ARTICLE{Guizar-Sicairos08,
	author = {Manuel Guizar-Sicairos and Samuel T. Thurman and James R. Fienup},
	title = {Efficient subpixel image registration algorithms},
	journal = {Opt. Lett.},
	year = {2008},
	volume = {33},
	pages = {156--158},
	number = {2},
	month = {Jan},
	abstract = {Three new algorithms for 2D translation image registration to within
	a small fraction of a pixel that use nonlinear optimization and matrix-multiply
	discrete Fourier transforms are compared. These algorithms can achieve
	registration with an accuracy equivalent to that of the conventional
	fast Fourier transform upsampling approach in a small fraction of
	the computation time and with greatly reduced memory requirements.
	Their accuracy and computation time are compared for the purpose
	of evaluating a translation-invariant error metric.},
	doi = {10.1364/OL.33.000156},
	keywords = {Digital image processing; Image reconstruction-restoration; Pattern
	recognition; Phase retrieval},
	publisher = {OSA},
	} 
	
	@article{Sabater_2011,
	author = {Sabater, N. and Morel, J.-M. and Almansa, A.},
	title = {How Accurate Can Block Matches Be in Stereo Vision?},
	journal = {SIAM J. Img. Sci.},
	issue_date = {February 2011},
	volume = {4},
	number = {1},
	month = mar,
	year = {2011},
	issn = {1936-4954},
	pages = {472--500},
	numpages = {29},
	doi = {10.1137/100797849},
	acmid = {2078715},
	publisher = {Society for Industrial and Applied Mathematics},
	address = {Philadelphia, PA, USA},
	keywords = {block-matching, noise error estimate, subpixel accuracy},
	} 
	@article{Fienup_97, 
	author = {J. R. Fienup}, 
	journal = {Appl. Opt.}, 
	keywords = {},
	number = {32}, 
	pages = {8352--8357}, 
	publisher = {OSA},
	title = {Invariant error metrics for image reconstruction}, 
	volume = {36}, 
	month = {Nov},
	year = {1997},
	doi = {10.1364/AO.36.008352},
	abstract = {Expressions are derived for the normalized root-mean-square error of an image relative to a reference image. Different versions of the error metric are invariant to different combinations of effects, including the image's (a) being multiplied by a real or complex-valued constant, (b) having a constant added to its phase, (c) being translated, or (d) being complex conjugated and rotated 180{\textdegree}. Invariance to these effects is particularly important for the phase-retrieval problem. One can also estimate the parameters of those effects. Similarly, two wave fronts can be compared, allowing for arbitrary constant (piston) and linear (tilt) phase terms. One can also include a weighting function. The relation between the error metric and other quality measures is derived.},
	}
	
	
	@inproceedings{gilman_global_2013,
	title = {Global {Illumination}-{Invariant} {Fast} {Sub}-{Pixel} {Image} {Registration}},
	isbn = {978-1-61208-283-7},
	url = {http://www.thinkmind.org/index.php?view=article&articleid=iccgi_2013_5_20_10195},
	urldate = {2015-05-11},
	author = {Gilman, Andrew and Leist, Arno},
	month = jul,
	year = {2013},
	pages = {95--100},
	}
